3330 5574
564 516 608 560 DE
634 514 787 561 GllllUlllDll
812 515 951 562 ORIGINE
1302 508 1342 567 29

177 742 335 815 consulta
353 743 604 833 laudauerunt,
625 724 776 815 uerbum
791 754 976 841 γραφομένῳ
992 742 1107 815 solum
1128 757 1339 840 posuerunt,

175 874 314 957 praeter
328 859 535 957 losephum,
553 860 707 956 quicum
722 859 798 956 ipse
811 857 1109 957 quoquelrlntiq.
1128 858 1208 931 lud.
1226 887 1338 931 xrvx.

180 979 229 1067 10)
248 987 433 1073 γραφομένῳ
455 991 600 1072 παρῆσαν
616 974 813 1071 scripserit,
831 974 939 1047 semel
956 989 1075 1046 tamen
1097 975 1239 1073 (antiq.
1257 975 1338 1047 Iu'd.

172 1092 340 1183 x1v.111.5)
362 1090 515 1162 formula
533 1103 718 1189 γραφομένῳ
736 1107 782 1180 τῷ
803 1088 939 1188 δόγματι
963 1117 1049 1162 usus
1070 1105 1136 1162 est.
1159 1118 1177 1161 t)
1241 1122 1243 1127 ⁸

221 1207 295 1278 Nec
334 1207 402 1278 soli
439 1206 651 1303 interpretes
689 1206 846 1296 Graeci,
885 1206 954 1302 ipsi
995 1206 1110 1281 Latini
1148 1205 1341 1302 scriptores

172 1322 349 1418 gerundio
378 1348 468 1420 quae
486 1316 545 1394 ‘sit
574 1322 629 1393 uis
659 1322 864 1394 ostendunt.
892 1322 983 1392 Nam
1017 1322 1105 1394 Cato
1134 1321 1192 1393 ille
1225 1322 1340 1393 Maior

172 1439 264 1533 (Cat.
302 1437 432 1534 fragm.
464 1438 564 1509 Jord.
601 1464 636 1535 p.
672 1437 737 1531 83),
769 1463 850 1508 cum
886 1437 1074 1509 dixisset:
1113 1463 1131 1506 α
1166 1437 1341 1508 Homines

171 1553 373 1625 emercenclo
392 1553 557 1625 uidemus
577 1553 712 1624 conteri
734 1580 770 1642 n,
793 1552 911 1624 statim
932 1552 987 1624 sui
1009 1552 1185 1649 interpres
1205 1552 1303 1624 addit
1329 1580 1336 1623 :

176 1695 194 1737 α
226 1668 263 1739 Si
292 1669 378 1739 nihil
407 1695 580 1741 eoeerceus
600 1671 658 1763 (=
673 1668 890 1757 exercendo)
906 1667 1043 1767 ,inertia
1063 1658 1169 1766 atque
1190 1667 1340 1764 torpedo

172 1784 252 1881 plus
285 1784 490 1856 detrimenti
524 1784 620 1874 lacit,
648 1810 757 1882 quam
782 1783 971 1856 eoeercitio
998 1812 1016 1855 »
1049 1784 1161 1880 Igitur
1180 1783 1339 1880 locuples

82 1968 84 1970 ,
171 1900 346 1972 sermonis
364 1900 521 1971 Romani
539 1900 774 1972 uetustissimi
799 1900 900 1984 testis
925 1925 1006 1970 cum
1033 1899 1210 1995 gerundio
1232 1924 1340 1971 eccer-

171 2015 296 2106 cend0‚
323 2016 431 2088 modo
455 2017 489 2088 si
512 2041 699 2104 emerceoS,
731 2016 838 2087 modo
859 2014 1037 2087 coercitio
1055 2027 1251 2110 comparat,
1274 2038 1339 2086 nec

170 2131 344 2228 suspicari
359 2131 500 2204 uidetur
511 2157 589 2203 esse
603 2132 638 2202 in
655 2157 695 2203 ea
710 2130 828 2228 ligura
844 2130 1035 2229 quicquam
1051 2129 1147 2228 quod
1161 2129 1336 2200 actionem
1408 2200 1412 2205 .

170 2248 365 2342 gerendam
383 2247 572 2343 significet.
611 2299 612 2304 κ

198 2363 290 2456 lam
313 2388 397 2434 uero
415 2362 593 2458 permulta
609 2361 773 2459 exempla
796 2362 840 2433 ad
860 2387 984 2434 omnes
1004 2386 1108 2432 casus
1128 2365 1167 2432 et'
1180 2359 1337 2433 maxime

170 2478 212 2550 ad
242 2477 440 2550 ablatiuum
464 2478 679 2574 pertinentia
703 2477 798 2549 docti
820 2476 902 2565 uiri,
931 2490 971 2547 ut
999 2475 1221 2547 Kerkeurath
1245 2476 1284 2570 (l.
1309 2476 1333 2548 l.

171 2595 215 2666 50
236 2620 306 2692 sq.,
329 2594 373 2664 68
395 2620 465 2692 sq.,
488 2595 529 2665 81
554 2594 638 2691 sq.)‚
662 2594 815 2665 Persson
835 2594 873 2677 (l.
897 2592 920 2664 l.
944 2593 1128 2683 rao-124),
1151 2592 1337 2687 proferunt

151 2709 205 2780 in
237 2709 368 2808 quibus
397 2710 495 2782 nulla
528 2708 749 2781 necessitatis
775 2708 875 2781 notio
898 2707 1074 2804 gerundio
1103 2707 1209 2797 inest,
1243 2733 1336 2806 quae

169 2827 288 2897 omnia
307 2825 439 2898 referre
464 2825 614 2922 longum
638 2825 792 2915 uidetur,
815 2849 855 2895 ac
880 2849 1007 2920 parum
1030 2823 1128 2912 utile,
1155 2823 1336 2920 cumipse
1412 2879 1413 2882 η

167 2941 396 3013 Weisweiler
420 2940 630 3014 confiteatur
656 2940 694 3036 (l.
725 2939 749 3012 l.
785 2941 865 3034 roh)
887 2940 1114 3011 obscuratam
1144 2939 1270 3010 saltem
1300 2939 1335 3008 iu

168 3056 325 3129 ablatiuo
351 3057 425 3128 uim
445 3056 614 3152 gerundii
634 3055 870 3152 principalem
892 3080 981 3126 esse.

206 3170 330 3263 ‘Quam
369 3171 655 3245 obscurationem
691 3197 758 3242 usu
791 3170 960 3267 gerundii
997 3170 1033 3239 in
1064 3170 1333 3242 similitudinem

168 3289 345 3385 participii
375 3288 573 3385 praesentis
607 3287 712 3359 actiui
753 3270 901 3384 (lepens)
939 3287 1122 3358 contendit
1158 3285 1287 3357 factam
1326 3313 1334 3358 :

170 3430 188 3472 «
212 3404 394 3475 Nachdem
420 3402 549 3474 einmal
571 3403 687 3474 dieser
711 3401 872 3474 absolute
898 3400 1041 3473 Ablativ
1061 3402 1125 3473 des
1149 3417 1242 3498 part.
1267 3402 1333 3473 lut.
1447 3446 1451 3456 ,

168 3543 280 3615 pass,
312 3517 460 3616 lacendo
490 3516 608 3614 gleioh
639 3518 787 3589 lectione
801 3516 998 3615 socienda,
1030 3516 1193 3590 bellando
1218 3517 1337 3613 gleich

168 3634 257 3706 bello
288 3633 462 3731 parendo,
492 3624 566 3704 sich
592 3633 628 3702 in
655 3632 842 3705 derselben
870 3633 997 3704 Weise
1017 3632 1085 3705 wie
1109 3634 1171 3704 der
1191 3632 1336 3704 Ahlativ

168 3750 230 3822 des
257 3748 511 3846 unperso'nlich
545 3747 792 3845 gebrauchten
823 3748 997 3844 Partizips
1022 3747 1086 3820 auf
1107 3760 1198 3838 -tus‚
1227 3775 1258 3819 x.
1290 3749 1333 3818 B.

167 3865 340 3954 consulto,
375 3894 411 3936 u.
447 3891 477 3937 s.
512 3892 578 3954 w.‚
611 3892 657 3936 zu
684 3865 781 3936 einer
810 3862 1050 3937 adverbiellcn
1080 3865 1337 3960 Bestimmung
1389 3885 1392 3891 ·

167 3980 391 4077 ausgebildet
415 3981 526 4068 hatte,
544 3995 680 4052 musste
701 3979 862 4052 derselhe
877 3981 959 4052 dem
985 3980 1147 4051 Lateiner
1166 3979 1222 4051 ein
1243 4005 1333 4076 gern

166 4095 353 4168 henutztes
385 4095 499 4167 Mittel
533 4096 706 4184 werden,
736 4095 981 4193 Handlungen
1017 4096 1130 4167 durch
1167 4094 1335 4192 parallele
1434 4104 1435 4107 ’

167 4211 406 4308 Handlungen
432 4211 541 4282 nahor
567 4239 611 4282 zu
638 4206 867 4284 bestimmen.
889 4240 908 4284 »
937 4213 1036 4303 Quae
1060 4211 1151 4283 ratio
1177 4211 1356 4282 maxime

168 4327 354 4399 nobiscum
373 4326 483 4399 facit:
506 4353 588 4398 nam
609 4340 646 4399 ut
670 4353 711 4399 ea
731 4353 803 4399 nou
825 4327 911 4400 satis
932 4327 1144 4425 explicatur,
1167 4352 1231 4398 cur
1257 4326 1332 4398 uim

169 4468 270 4514 suam
305 4442 522 4539 gerundium
556 4442 715 4515 amiserit
747 4443 858 4536 (illam
896 4443 975 4515 dico
1016 4469 1124 4542 quam
1157 4442 1189 4514 ei
1226 4441 1336 4514 luisse

168 4557 276 4654 lingit
292 4559 390 4649 W.)‚
420 4574 459 4630 ut
482 4559 517 4629 in
538 4585 643 4630 usum
667 4558 867 4656 participio.
876 4559 1084 4657 proesentis
1104 4558 1210 4630 actiui
1234 4557 1336 4629 simi-

170 4656 438 4764 lem'transiret²
458 4675 506 4745 ita
520 4673 577 4746 hic
592 4674 668 4746 eius
683 4701 770 4748 usus
794 4674 829 4745 in
854 4691 1021 4772 promptu
1042 4689 1130 4764 erat,
1148 4675 1177 4744 si
1200 4699 1337 4770 gerun-

83 4849 89 4857 .
172 4788 270 4860 dium
301 4789 389 4859 nihil
422 4803 475 4862 est
506 4790 630 4887 ipsum·
651 4790 721 4864 nisi
752 4791 993 4886 gerundiuum
1019 4816 1082 4863 seu
1108 4789 1335 4888 participium
