3330 5574
607 539 652 584 nu
677 536 899 585 incussimus
923 539 1068 588 nortona
1282 513 1284 517 ’
1379 537 1421 597 45
1506 598 1507 602 ,

252 766 321 837 nisi
341 781 548 838 concretum
566 765 822 863 passiuumque
841 764 981 837 dicendi
999 790 1116 862 genus
1136 766 1284 838 Latinus
1301 793 1419 840 sermo

253 881 385 954 mallet.
403 881 535 953 —Sed
551 881 752 977 gerundiua
768 880 840 969 iila,
859 905 941 951 cum
956 881 993 951 in
1011 879 1174 954 formulis
1192 898 1419 955 occurrerent

245 996 489 1095 propositum,
517 996 651 1095 'finem
685 996 851 1095 officium
880 996 1179 1094 exprimentihu5‚
1205 998 1338 1069 factum
1367 1013 1420 1070 est

252 1113 354 1210 quasi
368 1113 581 1210 contupioue
596 1114 764 1210 quadam,
783 1112 884 1183 cuius
902 1112 970 1183 alia
988 1113 1151 1208 exempla
1168 1113 1279 1186 multa
1294 1127 1378 1185 sunt
1391 1115 1415 1199 ⁴,

253 1245 291 1300 ut
310 1229 388 1325 ipsa
408 1254 552 1300 sensum
570 1227 763 1325 propositi,
790 1227 924 1326 officii,
946 1241 1030 1318 cet,
1053 1228 1090 1298 in
1110 1253 1148 1316 se
1166 1228 1297 1301 habere
1316 1229 1420 1301 uide-

251 1358 387 1432 rentur,
410 1344 499 1415 etin
520 1357 635 1415 totum
654 1369 770 1440 genus
791 1356 1052 1441 propagarent.

299 1459 340 1530 C.
359 1461 474 1529 -Ex
494 1485 535 1531 eo
554 1473 729 1555 tempore,
750 1458 943 1556 gerundiui
966 1459 1020 1531 uis
1049 1485 1131 1531 cum
1151 1459 1283 1556 duplex
1309 1474 1414 1549 esset,

251 1575 360 1646 altera
384 1601 454 1672 qua
477 1574 571 1672 quid
587 1587 774 1671 operetur,
797 1574 997 1672 alteraque
1023 1574 1115 1672 quid
1130 1588 1219 1647 esset
1237 1575 1417 1672 operclum

250 1691 404 1787 exprimi
428 1704 580 1787 poterat,
609 1691 779 1763 alterutra
800 1691 955 1762 Romani
975 1716 1041 1788 pro
1063 1716 1189 1762 sensus
1213 1691 1417 1763 declarandi

252 1806 519 1904 opportunitate
546 1805 602 1877 usi
623 1819 718 1878 sunt.

299 1922 481 2018 Participii
504 1921 725 1994 necessitatis
745 1948 831 1993 usus
845 1921 912 1993 fuit
929 1921 1072 2019 triplex.
1097 1923 1215 2013 Unus,
1233 1921 1295 2019 qui
1316 1947 1416 2018 prae-

251 2038 427 2110 dicatiuus
453 2038 595 2127 dieitur,
618 2039 755 2135 quoad
778 2037 888 2110 uerba
915 2038 1128 2135 complenda
1154 2037 1341 2110 adhibetur
1363 2039 1416 2132 (ut

251 2153 354 2243 dore,
366 2152 499 2242 locare,
510 2158 609 2243 cet),
619 2179 709 2250 quae
720 2167 861 2250 praeter
872 2153 1116 2225 accusatiuum
1128 2153 1257 2225 obiecti
1267 2152 1417 2224 alterum

252 2268 473 2358 desiderant,
491 2295 578 2367 ‘quo
610 2269 691 2366 quis
721 2270 765 2342 de
790 2269 929 2341 obiecto
949 2269 1036 2366 quid
1062 2268 1140 2340 fieri
1168 2268 1254 2341 uelit
1286 2267 1418 2339 indicat

250 2387 346 2480 (ug.
368 2385 483 2455 Plaut.
512 2383 616 2455 Asin.
643 2385 713 2470 444
735 2384 886 2482 scyphos
909 2409 1000 2482 quos
1025 2384 1171 2456 utendos
1187 2383 1293 2471 dedit.
1317 2382 1418 2454 Alter

249 2525 335 2573 usus
355 2499 598 2590 attribuimus,
618 2526 681 2572 seu
702 2500 899 2572 adiectiuus
918 2500 1061 2590 dicitur,
1083 2526 1154 2597 quo
1173 2499 1416 2597 perundt'uum

249 2616 373 2687 eodem
391 2614 498 2687 modo
520 2640 591 2713 quo
611 2615 807 2688 adiectiuus
829 2615 1036 2712 qualitatem
1057 2604 1248 2688 enuntians
1269 2613 1415 2711 ponitur

247 2744 286 2801 ut
306 2730 420 2803 Plaut.
439 2731 535 2803 Ruti.
563 2732 659 2817 345:
689 2731 761 2803 Pol
783 2731 886 2803 houd
901 2729 1074 2803 mirando
1092 2732 1205 2828 sueto
1235 2729 1351 2818 diois3
1382 2742 1416 2800 et

249 2845 307 2918 hic
334 2871 419 2918 usus
452 2847 548 2942 apud
575 2846 713 2944 priscos
733 2846 924 2942 scriptores
954 2846 1136 2918 rarissime
1156 2845 1322 2917 occurrit.
1352 2845 1415 2916 Est

249 2961 403 3060 denique
424 2961 550 3034 tertius
571 2987 670 3053 usuS,
696 2987 768 3060 quo
796 2962 840 3033 ad
864 2963 1111 3034 necessitatem
1142 2961 1413 3058 exprimendam

247 3077 489 3172 gerundiuum
519 3103 600 3148 cum
624 3078 735 3150 uerbo
763 3103 838 3149 esse
857 3076 1102 3175 coniungitur,
1132 3089 1170 3147 ut
1198 3101 1279 3148 eum
1305 3075 1411 3147 dico:

247 3190 337 3262 liber
365 3192 535 3290 lepontios
562 3205 628 3283 est,
655 3193 767 3266 nostis
792 3193 989 3290 Odysseum
1018 3192 1206 3289 lependom
1234 3216 1319 3263 esse.
1344 3190 1413 3282 Qui

249 3332 335 3378 usus
348 3308 655 3406 periphrasticos,
673 3323 712 3380 ut
736 3308 873 3396 dicunt,
897 3306 1151 3378 usitatissimus
1169 3319 1233 3379 est.

298 3423 351 3493 De
370 3422 437 3494 hoc
452 3449 518 3494 usu
534 3424 709 3521 quaedam
729 3423 886 3495 notanda
905 3436 1000 3494 sunt.

296 3538 388 3609 Nam
411 3539 517 3610 etiam
547 3539 592 3610 ad
623 3539 731 3610 uerba
767 3538 922 3636 pertinet
951 3564 1043 3636 quae
1077 3550 1204 3609 neutra
1229 3538 1410 3627 dicuntur,

248 3652 355 3724 modo
378 3653 455 3725 sine
474 3654 635 3726 subiecto
657 3654 752 3726 sint:
789 3668 828 3727 ut
851 3654 1030 3744 curritur,
1059 3665 1220 3743 curetur,
1237 3653 1286 3724 ita
1305 3653 1412 3725 etiam

246 3768 464 3841 currendum
482 3783 548 3858 est,
570 3769 767 3843 carendum
785 3783 838 3842 est
853 3769 922 3842 dici
942 3782 1071 3865 potest.

295 3885 368 3955 lam
389 3910 489 3974 uero,
513 3885 653 3982 quoties
673 3885 917 3981 gerundiuum
938 3910 1020 3956 cum
1038 3883 1149 3956 uerbo
1169 3909 1243 3956 esse
1260 3885 1413 3957 coniun-

244 3998 368 4094 gitur,
405 3999 503 4071 notio
537 3999 756 4072 necessitatis
789 4001 891 4072 adest
925 4025 933 4070 ε
971 4025 1065 4097 quae
1095 3999 1125 4071 si
1162 4025 1234 4071 non
1274 4000 1416 4072 adesset

242 4113 425 4191 emendos
440 4128 506 4204 est,
524 4129 559 4187 et
577 4128 739 4206 ametor,
757 4115 952 4188 amandum
980 4141 1054 4188 esse
1071 4129 1105 4187 et
1124 4114 1250 4187 amori
1266 4115 1303 4185 in
1319 4115 1414 4188 idem

246 4229 456 4301 reciderent.
496 4274 544 4284 -
581 4231 683 4302 Hanc
718 4244 839 4302 tamen
876 4231 1057 4304 notionem
1089 4257 1182 4321 non,
1226 4244 1265 4302 ut
1303 4231 1416 4303 uoluit

245 4559 277 4596 ea
294 4545 422 4596 uersione
440 4546 537 4596 iniecti
552 4546 630 4596 notio
649 4551 778 4610 quaeest
794 4549 827 4598 tu
845 4547 996 4599 lustrandi
1013 4562 1068 4598 non
1084 4548 1220 4597 redditur.
1243 4546 1302 4595 Hoc
1325 4545 1416 4595 solum

245 4621 360 4671 concedi
378 4624 471 4684 potest
488 4623 664 4672 Weisweiler
682 4623 787 4673 dicenti
804 4624 835 4685 tt.
858 4623 876 4673 t.
894 4637 924 4686 p.
947 4625 998 4680 130,
1019 4624 1071 4685 131)
1086 4639 1092 4671 :
1109 4622 1185 4679 ((,Αά
1203 4621 1412 4684 diripiendum

244 4696 281 4745 ist
297 4697 470 4759 keineswegs
493 4697 585 4762 gleich
598 4697 635 4748 ad
653 4697 861 4762 direptionem,
875 4700 928 4749 wie
943 4700 1027 4749 meist
1040 4699 1148 4762 gelehrt
1162 4696 1243 4747 wind.
1266 4714 1278 4742 »
1343 4719 1345 4723 ·

277 4776 297 4824 1.
316 4776 358 4825 Cf.
380 4790 449 4839 quae
467 4790 551 4840 supra
576 4778 615 4841 (p.
639 4778 677 4840 ii)
700 4778 756 4828 dixi
782 4778 817 4828 de
833 4777 952 4828 formula
972 4779 998 4829 si
1026 4777 1170 4834 haberem,
1197 4781 1224 4827 et
1242 4789 1312 4838 quae
1329 4776 1363 4826 de
1381 4791 1415 4827 ea

244 4853 422 4915 contagione.
440 4846 544 4910 Bonan,
563 4853 650 4905 Esset
661 4854 697 4905 cte
713 4855 909 4919 contentique,
927 4869 956 4919 p.
975 4856 1029 4906 tii.
