3330 5574
246 496 286 555 46
531 503 576 548 nn
600 502 788 550 ennunnrvr
812 500 879 548 usu
904 499 1118 549 nnusnrmns

249 731 391 802 Dosson
412 729 437 818 ¹,
468 728 620 802 uerbum
650 725 929 816 substantiuum,
958 726 994 796 in
1026 750 1098 824 quo
1128 723 1225 797 nulia
1254 738 1320 813 est,
1351 721 1415 795 sed

246 845 365 942 ipsum
385 843 600 942 gerundium
621 843 657 914 in
677 857 894 916 structuram
913 841 1039 914 adfert.

296 944 460 1057 Denique
476 985 562 1033 usus
578 959 635 1030 hie
655 985 737 1032 eum
753 957 798 1031 sit
818 957 1357 1056 frequentissimus,acceptum,
1375 967 1415 1026 ut

246 1076 443 1166 indicam,
463 1075 630 1166 reddidit,
651 1090 685 1147 et
710 1100 756 1147 ex
775 1073 921 1171 passiua
941 1089 1040 1145 ortus
1060 1071 1252 1170 gerundiui
1272 1069 1415 1166 signifi-

248 1191 400 1281 catione,
421 1191 604 1290 passiuam
625 1168 701 1264 eids
716 1189 1015 1287 significationem
1034 1182 1299 1285 multiplieauit.

605 1813 780 1929 CAPUT
823 1812 1065 1884 TERTIUM

252 2070 440 2116 GERUNDIVI
477 2068 570 2114 USUM
605 2065 765 2113 PRIMITUS
801 2066 1022 2111 REFLEXIVUM
1057 2064 1205 2127 IDEOQUE
1240 2062 1412 2126 ACTIVUM,

299 2185 370 2231 CUM
394 2185 479 2231 USUS
498 2184 660 2231 Passlvus
678 2181 916 2245 INVALESCENS,
947 2182 1017 2227 TUM
1041 2180 1259 2227 PARTIGIPIUM
1281 2179 1315 2224 IN
1334 2177 1417 2222 -ssNs

300 2300 472 2347 PAULATIM
490 2298 746 2346 OBLITTERAVIT.

302 2511 500 2584 Gerundiui
517 2535 602 2583 usus
617 2509 653 2579 in
669 2507 794 2581 formis
810 2508 1049 2604 paucissimus
1069 2508 1207 2581 aetiuus
1221 2506 1419 2603 deprehen-

253 2628 362 2717 ditur,
375 2610 415 2698 in
435 2625 562 2699 ceteris
577 2625 633 2697 uel
648 2625 685 2695 in
702 2624 753 2696 eis
768 2649 788 2695 a
803 2623 934 2721 quibus
949 2624 1169 2700 necessitatis
1189 2623 1286 2695 notio
1301 2622 1416 2713 abest,

254 2768 396 2840 semper
421 2742 587 2839 passiuus
603 2754 763 2838 apparet.
783 2740 882 2829 Inde,
903 2765 983 2811 eum
1004 2740 1105 2812 initio
1124 2739 1335 2812 reflexiuum
1355 2764 1419 2811 seu
1502 2834 1504 2838 Α

255 2859 412 2932 medium
435 2858 544 2930 fuisse
559 2856 789 2947 arbitremur,
805 2857 1059 2953 explicandum
1077 2855 1207 2954 estqui
1222 2854 1356 2928 factum
1372 2854 1418 2927 sit

254 2990 293 3046 ut
305 3000 431 3046 sensus
446 2973 613 3072 passinus
626 2973 674 3044 ita
690 2971 924 3069 praeuaieiet,
942 2986 975 3043 et
988 2984 1164 3069 quatenus
1178 2996 1295 3068 quoue
1311 2970 1418 3042 modo

254 3091 290 3160 in
311 3090 361 3162 eis
381 3088 508 3161 formis
528 3113 619 3186 quae
639 3087 817 3160 solitariae
831 3086 845 3128 2
861 3086 1042 3175 dicuntur,
1068 3086 1184 3159 aetina
1203 3084 1418 3184 significatio

254 3204 503 3303 permanserit.
653 3190 656 3195 ’

303 3339 347 3410 Α.
369 3382 412 3391 -
431 3337 571 3410 Suffixo
593 3338 705 3410 -ndus
730 3350 769 3409 ut
787 3337 889 3436 quasi
909 3335 1054 3434 propria
1075 3337 1255 3408 uideretur
1274 3334 1419 3435 passiua

255 3453 484 3550 significatio,
501 3452 632 3525 factum
650 3468 702 3525 est
718 3452 941 3550 egerundiui
958 3478 1024 3524 usu
1039 3451 1183 3548 passiuo
1201 3451 1418 3549 frequentis-

256 3568 360 3640 simo.
394 3569 440 3640 Ut
467 3583 583 3641 autem
613 3568 855 3665 gerundiuum
884 3568 1028 3665 passiuo
1056 3592 1165 3638 sensu
1192 3566 1419 3639 adhiberetur

256 3684 543 3781 frequentissime
558 3709 686 3756 causae
700 3683 844 3756 fuerunt
863 3684 965 3755 duae.

302 3800 341 3891 u)
354 3799 491 3870 Harum
504 3799 618 3896 prima
633 3800 721 3870 haee
732 3799 811 3889 fuit,
828 3824 937 3896 quam
954 3823 1061 3870 nemo
1074 3799 1202 3888 adhuc,
1216 3798 1285 3870 nisi
1300 3782 1416 3886 fallor,

254 3913 462 4002 deelarauit,
481 3914 579 4011 quod
588 3914 790 4010 gerundiuo
806 3913 1026 3987 necessitatis
1040 3913 1249 4011 saepissime
1264 3913 1418 3985 Romani

255 4042 415 4100 utuntur.
442 4029 520 4100 Hoc
547 4041 664 4100 autem
679 4028 680 4032 ’
694 4029 817 4101 multis
841 4029 958 4101 modis
980 4030 1045 4101 fit:
1079 4043 1131 4102 est
1152 4029 1249 4102 enim
1266 4028 1355 4118 0100,
1381 4042 1420 4100 ut

286 4347 307 4396 1.
322 4347 349 4396 Is
369 4346 461 4395 Plauti
477 4345 552 4396 locos
566 4346 674 4409 profert
689 4345 791 4395 multos
808 4346 835 4395 in
853 4346 956 4409 quibus
971 4359 1072 4396 nomen
1089 4361 1150 4397 0001
1166 4360 1227 4398 esse
1241 4347 1421 4398 coniunctum

254 4423 327 4471 idem
339 4424 420 4484 putat
438 4435 500 4471 esse
513 4424 596 4484 atque
609 4421 806 4484 gerundiuum.
823 4420 876 4469 Sed
893 4421 961 4470 mihi
979 4420 1053 4484 quod
1068 4422 1148 4472 affert
1160 4422 1233 4472 inter
1245 4424 1301 4472 alia
1316 4423 1421 4474 similia

255 4515 266 4543 «
281 4495 354 4561 quid
367 4509 414 4546 me
427 4496 510 4547 uobis
527 4497 614 4547 tactio
624 4499 666 4546 est
679 4494 770 4558 (Men.
790 4496 857 4557 10161
876 4513 887 4541 1
902 4497 973 4546 011111
986 4495 1063 4545 aliud
1074 4497 1215 4559 significat
1226 4511 1308 4560 quam
1324 4515 1335 4543 κ
1347 4499 1420 4562 quid

254 4586 301 4622 me
319 4572 466 4636 taupitis?
484 4589 507 4631 1,
524 4575 559 4629 et,
582 4572 605 4622 si
624 4589 635 4618 «
653 4571 751 4623 cautio
769 4575 836 4622 est»
854 4571 927 4621 idem
944 4572 1001 4622 sere
1016 4575 1059 4622 est
1075 4587 1107 4622 ae
1125 4575 1319 4623 «cauendum
1336 4577 1379 4624 est
1396 4593 1420 4636 1,

254 4648 308 4698 1100
324 4660 381 4698 000
398 4647 466 4697 facit
483 4647 602 4698 uerbum
620 4651 670 4704 est,
692 4646 741 4697 sed
765 4646 855 4709 ipsius
876 4647 954 4696 uerbi
976 4660 1081 4698 cauere
1098 4647 1278 4710 significatio.
1301 4649 1416 4700 01010.

256 4723 313 4786 Off.
336 4723 393 4774 111
410 4737 416 4771 :
435 4742 446 4767 «
465 4723 694 4774 Benefleentia2..
713 4721 815 4772 multas
833 4723 917 4772 habet
931 4722 1117 4773 cautiones.»
1202 4782 1206 4797 ὓ

284 4805 310 4854 2.
333 4803 472 4859 Psassoa,
490 4803 511 4855 t.
532 4802 553 4855 t.
573 4816 603 4867 p.
622 4804 663 4854 95.
