3330 5574
355 495 399 541 DE
422 493 572 597 IsalSSIVAll
594 492 747 541 stomoma
756 492 859 540 rioms
883 493 1145 542 PROPAGATIONE
1298 484 1337 546 49

171 723 400 821 participium
433 723 590 796 actiuum
614 724 766 796 alterum
803 723 839 793 in
868 721 975 794 actiui
1003 721 1197 819 gerundiui
1220 721 1338 794 locum

170 839 324 912 induxit.
345 839 422 912 lloc
437 839 524 936 quid
540 840 583 911 sit
598 839 629 911 is
641 839 744 911 facile
759 839 879 910 animo
894 838 1084 935 concipiet,
1101 837 1163 936 qui
1176 862 1341 935 perspec-

169 968 243 1027 tam
258 955 434 1043 babuerit,
455 981 564 1052 quam
583 981 649 1027 nos
666 980 775 1052 supra
791 954 862 1043 (cb.
883 980 894 1024 r
913 967 947 1025 et
962 955 998 1050 11)
1005 1010 1013 1044 ,
1039 954 1169 1051 partim
1185 979 1205 1026 a
1226 952 1340 1026 doctis

171 1070 259 1142 uiris
275 1071 437 1169 petitam,
455 1071 586 1168 partim
602 1097 622 1142 a
638 1071 742 1142 nobis
758 1070 1014 1168 excogitatam,
1033 1071 1076 1142 de
1090 1070 1207 1168 prisca
1222 1067 1341 1141 Latini

171 1186 273 1258 uerbi
292 1186 407 1284 ipsius
427 1201 461 1259 et
484 1185 665 1284 participii
693 1186 832 1258 ratione
852 1185 1107 1283 proposuimus
1126 1183 1338 1259 doctrinam.

171 1301 272 1392 Quae
292 1301 343 1373 sic
359 1301 572 1374 breuissime
590 1301 847 1399 comprehendi
867 1315 1008 1398 potest:
1032 1316 1072 1374 ut
1090 1315 1156 1392 est,
1180 1299 1277 1398 quod
1297 1299 1342 1371 ad

170 1442 316 1489 sensum
334 1417 473 1508 attinet,
496 1419 647 1490 uerbum
668 1417 938 1490 retransitiuum
959 1417 1088 1490 uoluor
1107 1418 1151 1489 ad
1179 1402 1343 1488 trdnsiti-

172 1558 259 1605 uum
289 1533 407 1622 noluo,
437 1533 486 1605 ita
511 1534 634 1606 estad
662 1533 808 1605 uoluens
833 1532 1041 1606 soluendus.
1071 1533 1209 1604 Horum
1231 1556 1342 1603 unum

171 1647 402 1747 participium
433 1649 664 1721 transitiuum
693 1663 760 1737 est,
789 1648 942 1721 alterum
967 1647 1249 1736 retransitiuum,
1278 1646 1343 1719 sed

171 1777 364 1861 utrumque
379 1764 537 1836 uotiuum
550 1776 620 1836 cst:
639 1790 720 1835 nam
735 1765 846 1836 uerba
857 1763 1085 1837 retransitiua
1096 1787 1158 1835 seu
1169 1761 1342 1834 rellexiua

171 1879 327 1974 (uoluor)
339 1905 536 1977 eorumque
550 1879 737 1977 participia
749 1906 857 1952 sensu
867 1879 995 1968 actiua,
1006 1904 1077 1951 non
1090 1878 1233 1976 passiua
1244 1890 1338 1949 sunt.

221 1995 329 2066 Erant
349 1995 459 2092 igitur
475 1994 589 2067 actiui
600 1995 780 2094 participii
800 1996 936 2066 formae
955 1995 1046 2068 dnae
1061 2019 1215 2092 quarum
1231 1993 1342 2065 altera

173 2131 357 2204 nunquam
373 2132 444 2179 non
465 2106 595 2196 actiue,
617 2107 727 2179 altera
745 2106 925 2179 interdum
949 2106 1056 2178 etiam
1077 2105 1219 2203 passiue
1238 2103 1343 2177 adbi-

171 2228 333 2302 bebatur.
354 2230 428 2302 lam
448 2257 548 2319 uero,
567 2231 621 2302 uel
643 2245 789 2328 propter
809 2256 956 2303 sensum
980 2230 1096 2321 uerbi,
1119 2229 1174 2303 uel
1195 2243 1343 2328 propter

172 2371 278 2417 usum
294 2346 512 2436 absolutum,
525 2346 620 2418 idem
636 2347 708 2419 lere
720 2346 925 2444 significant
938 2346 1169 2445 participium
1184 2345 1343 2418 actiuum

173 2462 209 2531 in
224 2488 319 2551 -enS,
337 2477 372 2535 et
391 2463 621 2560 participium
641 2463 779 2536 mediae
798 2463 946 2535 formae.
969 2462 1152 2560 Vergilius
1173 2462 1282 2551 enim,
1304 2474 1343 2534 ut

171 2576 240 2649 boc
270 2577 477 2674 exemplum
507 2577 689 2667 afferatur,
726 2579 851 2651 eodem
878 2603 986 2650 sensu
1017 2577 1115 2666 dicit,
1143 2601 1209 2675 pro
1238 2573 1344 2647 metri

174 2693 396 2783 necessitate,
424 2694 531 2765 modo
557 2693 741 2766 uoluendis
765 2693 956 2784 mensibus,
986 2693 1093 2764 modo
1123 2689 1344 2764 uoluentibus

172 2807 289 2879 cnnt's.
323 2808 450 2904 Igitur,
487 2809 628 2881 duabus
658 2808 784 2881 formis
816 2809 912 2881 idem
941 2807 1227 2906 exprimentibus
1260 2831 1343 2878 cum

171 2949 262 3020 opus
280 2949 353 2996 non
373 2938 479 3014 esset,
495 2925 571 2997 eius
590 2924 729 2996 actiuus
743 2950 831 2997 usus
846 2923 965 3013 cessit,
980 2937 1088 3021 atque
1103 2949 1181 2997 esse
1196 2921 1339 3012 desiuit,

172 3044 274 3115 cuius
292 3058 368 3116 erat
390 3045 498 3117 etiam
517 3047 686 3142 passiuus
702 3071 803 3117 usus.

221 3161 343 3256 ltaque
378 3160 622 3257 gerundiuum
662 3160 845 3250 actiuum,
879 3159 966 3233 dum
999 3159 1106 3232 simul
1138 3157 1340 3256 gerundiuo

173 3269 320 3366 passiuo
339 3295 380 3343 ac
409 3271 643 3361 necessitatis
664 3271 771 3343 simul
792 3272 980 3370 participio
998 3274 1035 3343 in
1054 3296 1136 3344 -cns
1156 3268 1342 3343 desinente

172 3384 387 3476 excluditur,
409 3410 523 3484 prope
545 3400 659 3459 totum
681 3387 838 3459 euanuit.

221 3496 261 3567 C.
288 3539 334 3597 '.
353 3498 406 3569 Ex
424 3498 491 3570 hoc
512 3511 632 3569 autem
650 3499 826 3595 quaedam
847 3513 968 3571 secuta
987 3511 1082 3570 sunt.

226 3620 257 3681 1⁰
276 3612 381 3702 Nam,
399 3613 486 3686 dum
506 3613 545 3685 lit
564 3628 604 3685 ut
623 3613 792 3711 passiuus
812 3639 940 3687 sensus
960 3613 1151 3713 gerundiui
1172 3612 1341 3712 proprius

123 3804 128 3819 ¹
173 3726 351 3818 uideatur,
373 3728 405 3801 is
425 3754 567 3818 sensuS,
591 3729 703 3802 altero
724 3729 884 3820 exclus0,
903 3755 977 3802 non
996 3743 1135 3802 tantum
1152 3728 1341 3827 participio

173 3843 368 3915 uerborum
394 3845 638 3942 passiuorum,
666 3846 864 3919 sedetiam
891 3845 1081 3944 participio
1108 3870 1232 3918 eorum
1257 3869 1342 3917 uer-

173 3958 304 4030 borum
325 3959 590 4059 deponentium,
613 3961 744 4058 quibus
766 3975 903 4034 ceterae
924 3960 1060 4034 lormae
1086 3961 1223 4034 actiuae
1242 3973 1338 4050 sunt,

172 4073 337 4148 inhaesit.

222 4190 293 4263 Sed
325 4191 392 4264 hoc
425 4191 487 4289 qui
518 4192 610 4265 bene
642 4192 820 4266 intellexit
860 4194 1060 4285 Lebreton,
1098 4191 1342 4291 gerundiuum

174 4305 312 4411 colligit
329 4306 365 4377 in
381 4332 422 4378 ea
437 4333 564 4379 seusus
586 4308 819 4405 pullulatione
836 4308 968 4381 auerbi
985 4306 1343 4389 declinationefuisse

173 4421 375 4494 seiunctum
390 4424 415 4494 ¹.
437 4422 543 4514 Quod
565 4423 597 4495 si
617 4423 665 4496 ita
683 4423 770 4496 dicit
790 4438 830 4497 ut
848 4439 956 4523 neget
970 4424 1212 4523 gerundiuum
1228 4421 1343 4519 parti-

207 4731 229 4778 1.
256 4729 452 4787 161111611016ἰΙ
469 4730 489 4782 l.
513 4732 539 4780 15
563 4731 647 4793 [159]:
668 4747 680 4778 u
698 4731 855 4789 Toutefois,
868 4731 938 4782 dans
952 4734 1025 4780 cette
1040 4731 1228 4793 propagation
1245 4729 1342 4787 meme,

174 4804 311 4868 l’adjectil'
325 4806 415 4870 passis
429 4820 463 4856 en
479 4805 571 4858 udus
587 4807 679 4870 parate
695 4807 776 4858 avoir
788 4807 832 4858 ete
847 4806 1040 4870 independant
1053 4807 1124 4857 dela
1140 4806 1343 4868 conJugaison:

1306 4920 1319 4962 'l
