3330 5574
629 595 674 638 on
699 591 854 637 annunnn
878 592 1017 639 aniame
1207 644 1212 652 ,
1373 584 1413 643 35

244 821 326 917 Iup.
347 819 461 913 aas).
482 820 521 889 ln
537 819 604 890 hac
618 831 796 890 structura
810 816 861 890 ad
880 798 1145 915 imperandam,
1167 840 1237 887 non
1254 814 1413 912 prolecto

143 1006 159 1011 ,
246 947 284 1005 ut
299 934 510 1031 imperaret,
533 960 649 1033 neque
669 933 790 1007 stricte
805 934 949 1032 quidem
969 945 1007 1004 nt
1026 931 1061 1003 ei
1073 933 1331 1030 imperaretur,
1352 930 1414 1002 sed

247 1062 284 1120 at
316 1049 574 1148 imperaretur,
597 1063 636 1121 ut
663 1049 849 1120 iuberetur
876 1052 989 1146 (pour
1013 1047 1104 1145 qa'il
1125 1048 1192 1144 felt
1216 1046 1334 1119 donne'
1354 1045 1415 1117 cies

246 1165 401 1253 adres),
429 1165 465 1236 id
485 1178 538 1236 est
557 1163 719 1236 absolute
740 1178 774 1236 et
792 1163 1092 1261 impersonaliter,
1115 1163 1235 1260 itaque
1254 1160 1412 1258 passiue,

247 1279 405 1376 intellegi
450 1279 567 1352 debet.
611 1279 748 1375 Igitur,
793 1279 828 1348 in
866 1278 990 1351 multis
1026 1277 1114 1349 locis
1154 1277 1215 1349 ubi
1252 1302 1298 1349 ex
1340 1288 1415 1346 toto

247 1409 417 1466 contextu
432 1394 627 1467 uerborum
643 1395 859 1491 gerundium
875 1393 988 1490 accipi
1005 1419 1111 1491 posse
1124 1393 1242 1465 actiae
1258 1391 1414 1478 uidetur,

243 1510 405 1606 persiae,
435 1510 466 1581 si
500 1510 693 1607 diligenter
725 1510 902 1599 attendas,
943 1508 1191 1605 accipiendum
1223 1522 1289 1580 est.
1324 1506 1415 1577 Cum

247 1624 332 1697 dicit
354 1625 486 1697 Caesar
512 1627 559 1698 B.
591 1626 630 1702 C.
666 1652 726 1695 111
756 1626 815 1712 80)
844 1623 1066 1721 «Oppidum
1093 1623 1145 1695 aal
1174 1621 1416 1719 diripiendam

250 1739 423 1811 militibus
439 1741 660 1830 concessit»,
682 1739 823 1812 uidetur
845 1738 897 1810 aa'
916 1737 1158 1836 diripiendam
1187 1737 1302 1810 actiue
1332 1737 1415 1825 dici,

249 1881 298 1927 se.
325 1869 364 1927 ut
383 1855 513 1928 milites
534 1856 746 1954 diriperent.
773 1854 844 1926 Sed
870 1854 951 1940 alia,
975 1879 1016 1925 ac
1037 1854 1151 1925 multo
1169 1853 1298 1925 melior
1322 1852 1420 1924 subit

247 1971 407 2042 animum
422 1970 679 2068 interpretatio,
695 1970 726 2042 si
744 1970 908 2042 Caesaris
925 1969 1034 2042 uerba
1054 1994 1135 2040 cum
1147 1969 1240 2041 Tulli
1254 1966 1418 2040 conferas

253 2087 346 2181 (Pro
357 2086 452 2158 elom.
472 2087 546 2179 lio):
569 2114 586 2157 n
601 2088 696 2159 Cum>
713 2085 813 2158 alteri
834 2086 975 2184 Syriam
992 2085 1044 2157 aa'
1054 2083 1421 2183 diripiendnmtradi-

250 2201 402 2273 disset».
414 2200 556 2273 Scilicet
568 2201 620 2273 ad
628 2200 871 2298 diripiendam
889 2201 1060 2298 nequead
1073 2200 1236 2297 Syriam,
1254 2198 1420 2296 nequead

251 2316 372 2404 alteri,
391 2342 505 2414 neque
521 2317 566 2388 ad
581 2317 763 2414 oppidum,
783 2341 898 2413 neque
914 2316 959 2387 ad
974 2314 1147 2388 militibus
1162 2314 1286 2387 referri
1300 2313 1418 2401 debet,

253 2432 314 2503 sed
333 2430 508 2522 absolute,
531 2447 565 2503 et
585 2430 873 2528 impersonaliter
887 2434 942 2525 (ut
961 2430 1195 2528 diriperetur,
1216 2442 1254 2502 at
1268 2427 1421 2526 direptio

241 2546 380 2645 fieret),
399 2547 599 2619 adhibetur.
621 2548 662 2617 Et
679 2546 714 2616 in
730 2547 798 2618 hoc
817 2546 1104 2618 Tusculanarum
1118 2545 1195 2616 loco
1210 2549 1242 2640 (1
1253 2544 1418 2637 .23.53):

255 2661 409 2733 «Etiam
436 2662 562 2733 ceteris
587 2686 678 2759 quae
704 2674 911 2749 mouentur,
930 2650 987 2731 hic
1007 2659 1099 2748 lons,
1123 2659 1341 2756 principium
1368 2671 1423 2730 est

253 2776 460 2865 monendi»,
478 2776 566 2848 illud
576 2775 753 2864 mouendi,
765 2776 831 2848 etsi
846 2783 1017 2872 graecum
1028 2775 1194 2855 κινήσεωςὶ
1207 2774 1336 2863 reddit,
1350 2798 1421 2844 non

252 2890 347 2963 idem
358 2897 478 2963 tamen
494 2916 571 2964 esse
584 2905 690 2989 atque
705 2902 821 2963 motas
834 2890 894 2987 tdu
909 2892 1169 2983 mouvement),
1188 2890 1250 2961 sed
1265 2888 1423 2960 strictius

254 3007 481 3103 interpretari
511 3007 716 3079 deberent
740 3005 881 3078 moneri
907 3006 969 3090 (du
1000 3031 1038 3077 se
1061 3005 1239 3098 mouvoir)
1268 3003 1424 3076 ostendit

207 3137 209 3142 '
256 3121 472 3218 praecedens
488 3133 690 3210 rnouentar,
711 3135 747 3192 ut
762 3135 857 3193 reate
874 3121 1045 3193 admonet
1063 3105 1293 3191 Weisweiler
1307 3118 1331 3191 ².

305 3238 343 3306 ln
363 3236 430 3307 hoc
446 3249 564 3307 tamen
581 3236 706 3308 ultimo
726 3236 818 3325 loco,
841 3235 932 3307 etin
953 3234 1032 3307 aliis
1053 3233 1174 3306 multis
1194 3234 1240 3306 ad
1260 3248 1424 3306 naturam

258 3352 416 3423 nominis
446 3356 600 3445 (motasl,
626 3366 686 3423 aut
707 3352 751 3423 ad
772 3377 886 3452 penas
910 3351 1069 3423 actiuum
1089 3350 1256 3421 accedere
1283 3350 1425 3421 uidetur

257 3467 485 3562 gerundium.
510 3467 633 3564 Neque
649 3466 716 3538 hoc
732 3467 864 3538 mirum
882 3480 952 3555 est3
973 3491 1056 3536 nam
1072 3465 1106 3536 in
1123 3464 1226 3536 modo
1238 3462 1430 3562 personali

256 3608 372 3678 genus
388 3581 489 3653 uerlti
509 3607 590 3653 cum
611 3575 739 3670 forma,
763 3597 839 3654 tum
856 3580 1016 3653 subiecto
1033 3581 1199 3677 apposito
1218 3579 1396 3651 indicatur
1415 3606 1422 3650 :

268 3696 446 3794 Verpilias
465 3697 612 3794 lepitar‚
634 3698 795 3794 Odyssea
818 3698 908 3769 leeta
922 3708 996 3784 est3
1024 3708 1063 3767 at
1082 3695 1117 3766 in
1142 3694 1245 3767 modo
1265 3695 1428 3767 absoluto

258 3837 321 3883 seu
342 3811 598 3909 impersonali,
618 3813 695 3884 sola
724 3812 860 3884 forma:
890 3811 1038 3908 lepitar,
1069 3811 1194 3888 lectam
1221 3822 1284 3881 est.
1305 3812 1428 3908 ltaque

260 3927 295 3996 in
329 3926 397 3998 hoc
427 3928 542 4024 magis
573 3928 617 4000 ad
653 3928 769 4025 ipsam
802 3927 904 3999 uerbi
936 3925 1238 4023 significationem
1268 3925 1429 3997 animum

260 4040 496 4131 attendimuS,
530 4057 565 4114 et
588 4042 811 4131 subiectum,
840 4067 922 4113 curn
947 4040 1046 4143 nullo
1074 4040 1218 4112 nomine
1245 4041 1430 4137 exprima-

261 4171 332 4245 tur,
354 4181 398 4227 ex
419 4183 487 4228 usu
508 4183 549 4228 aa
569 4157 829 4230 consuetudine
849 4157 1039 4245 sermonis,
1069 4155 1242 4251 fingimus
1269 4153 1429 4252 aliquod,

261 4272 356 4369 quod
384 4271 496 4344 uerbo
520 4298 729 4369 expressam
763 4272 940 4344 actionem
968 4271 1088 4343 faciat:
1124 4295 1169 4341 on
1198 4269 1252 4360 lit,
1273 4296 1318 4342 an
1338 4296 1357 4340 a
1380 4270 1429 4341 lu.

262 4388 309 4458 lta
337 4387 373 4457 in
404 4387 470 4459 hac
497 4401 697 4459 structura:
731 4412 749 4456 n
769 4385 939 4458 Fernndo
953 4389 1087 4484 srnetn
1115 4386 1230 4457 arbor
1251 4384 1432 4483 peribit»,

293 4660 316 4708 l.
342 4658 384 4707 Cl.
413 4658 537 4708 PLATON.
560 4657 683 4716 Phedre,
713 4658 758 4709 245
781 4670 807 4708 (t.
836 4658 900 4708 ἀλλὰ
920 4658 962 4706 καὶ
987 4661 1037 4713 τοῖς
1060 4657 1144 4714 ἄλλοις
1169 4656 1217 4708 ὅσα
1238 4662 1340 4708 κινεῖται
1363 4659 1436 4707 τοῦτο

263 4733 330 4798 πηγή
347 4735 389 4782 καὶ
411 4732 477 4799 ἁρχὴ
498 4733 631 4796 κινήσεως.
652 4732 712 4784 cite
735 4747 785 4796 par
812 4734 943 4807 Riemann
963 4736 989 4781 et
1010 4733 1150 4789 Gonnznn,
1179 4731 1312 4784 Gratum.
1336 4744 1432 4795 comp.

263 4809 333 4870 2575
351 4821 420 4857 rem.

295 4887 320 4939 2.
342 4889 542 4945 Wnrswnnna,
564 4887 585 4938 l.
607 4887 628 4939 l.
649 4901 678 4952 p.
694 4889 735 4940 93.
