3330 5574
254 487 292 544 44
536 495 580 539 nn
610 493 798 541 orrauunrvr
824 494 890 540 usu
916 492 1128 540 nsouumonu

253 732 424 816 usurpato
441 719 647 817 reperitur¹‚
665 734 727 792 aut
741 721 837 817 quod
854 720 968 791 maius
980 732 1046 809 est,
1064 719 1230 792 uniuersa
1242 703 1418 807 oratione,

253 835 355 908 cuius
384 861 425 906 ea
451 834 563 907 forma
584 860 667 934 pars
691 850 758 927 est,
781 835 994 909 declaratur.
1023 836 1073 907 lta
1096 835 1133 904 in
1160 834 1227 906 bac
1242 834 1421 906 sententia

253 950 363 1023 libros
387 951 422 1022 si
447 950 630 1043 haberem,
660 965 714 1024 est
737 951 772 1023 si
795 939 1000 1024 coniunctio
1025 951 1272 1023 condicionem
1300 975 1422 1021 enun-

252 1066 359 1155 tians,
384 1065 552 1138 haberem
581 1082 699 1140 autem
719 1091 897 1166 praesens
921 1065 1055 1139 irreole
1085 1067 1182 1164 quod
1204 1066 1339 1138 dicunt.
1372 1065 1423 1136 At

253 1206 339 1254 uero
358 1180 460 1253 initio
481 1208 596 1280 neque
617 1183 652 1255 si
671 1183 716 1255 ad
741 1181 1024 1271 coniunctioneS,
1050 1206 1165 1279 neque
1184 1181 1351 1253 iuberem
1374 1181 1421 1253 ad

252 1321 423 1394 praesens
438 1297 603 1394 pertinet.
630 1299 722 1370 Nam
741 1298 777 1370 si
793 1298 886 1370 idem
906 1311 960 1370 est
981 1296 1083 1369 initio
1100 1311 1206 1395 atque
1221 1297 1273 1369 sic
1286 1295 1419 1392 (si-ce),

252 1413 420 1486 haberem
442 1438 527 1485 uero
537 1413 582 1485 ad
585 1413 829 1512 praeteritum
839 1412 1003 1486 refertur.
1023 1414 1069 1485 At
1084 1413 1121 1483 in
1132 1412 1316 1484 sententiis
1335 1411 1421 1509 qui-

251 1522 404 1602 busdam
422 1555 503 1602 cum
523 1555 629 1627 saepe
644 1530 912 1618 adhiberentur,
929 1529 965 1600 in
984 1528 1115 1626 quibus
1130 1529 1294 1601 condicio
1305 1554 1422 1601 enun-

250 1645 399 1716 tiaretur
416 1644 514 1717 irrita
531 1646 680 1742 optandi
695 1660 755 1719 aut
767 1644 915 1717 iubendi
935 1644 1055 1716 uerbis
1076 1643 1136 1740 (si,
1155 1644 1212 1716 uel
1228 1643 1292 1733 sic,
1313 1644 1417 1735 baec,

249 1760 299 1831 dii
308 1761 489 1859 faceretis
503 1767 547 1851 l),
568 1761 617 1834 ita
630 1761 764 1834 factum
778 1775 830 1833 est
846 1759 1019 1857 paulatim
1034 1774 1073 1832 ut
1084 1758 1119 1831 si
1130 1760 1301 1833 aduerbio
1317 1760 1418 1832 notio

165 1913 168 1920 ·
250 1876 469 1949 condicionis
485 1892 716 1966 accresseret,
726 1878 887 1974 optatiuo
896 1875 1100 1975 praeterito
1113 1875 1210 1948 notio
1219 1875 1418 1973 praesentis

251 1990 397 2064 irrealis
416 1992 723 2066 substitueretur2.

299 2126 433 2197 Eodem
450 2125 557 2198 modo
570 2126 826 2222 gerundiuum,
844 2126 931 2197 dum
947 2125 983 2196 in
999 2125 1215 2223 quibusdam
1230 2127 1417 2198 structuris

249 2241 450 2330 adhibetur,
464 2241 640 2340 inquibus
649 2253 722 2315 toto
735 2243 929 2314 uerborum
938 2252 1108 2314 contemtu
1123 2241 1347 2338 propositum
1358 2242 1417 2314 uel

250 2357 467 2429 destinatum
479 2357 746 2447 enuntiabatur,
760 2357 875 2456 ipsum
888 2383 973 2429 uero
990 2357 1077 2427 nibil
1088 2357 1239 2429 babebat
1252 2357 1287 2426 in
1298 2382 1336 2428 se
1347 2357 1417 2428 nisi

248 2469 367 2542 inlecti
388 2471 701 2568 significationem,
724 2473 895 2570 paulatim
913 2473 1031 2544 uisum
1046 2487 1100 2544 est
1116 2473 1339 2570 propositum
1360 2476 1416 2546 uel

248 2587 464 2658 destinatum
485 2587 601 2684 ipsum
632 2589 848 2685 exprimere,
877 2603 912 2661 et
941 2588 986 2660 ad
1015 2586 1289 2684 exprimendum
1313 2588 1417 2660 adhi-

249 2703 364 2774 bitum
379 2717 452 2774 est:
476 2728 568 2800 quae
587 2717 787 2776 structurae
806 2704 1014 2803 saepissime
1033 2702 1069 2772 in
1085 2701 1248 2775 formulis
1269 2729 1415 2800 precum

247 2832 282 2890 et
302 2817 423 2913 legum
449 2818 493 2890 ab
516 2818 639 2890 ultima
661 2819 869 2916 antiquitate
889 2818 1171 2916 frequentantur.
1200 2820 1415 2892 Huiusmodi

248 2947 331 3005 sunt
359 2960 366 3005 :
395 2934 495 3032 apri,
521 2934 641 3033 sandi
664 2935 857 3025 lustrandi,
892 2935 1090 3034 lustrisque
1111 2933 1281 3032 faciendi
1309 2961 1413 3031 erpO,

248 3062 425 3148 quattuor
445 3051 520 3124 uiri
537 3051 682 3122 uiarum
701 3051 964 3140 curandorum,
986 3063 1152 3123 oratores
1169 3049 1276 3148 pacis
1290 3063 1415 3149 peten-

247 3166 328 3252 clue,
345 3177 419 3237 tres
438 3165 512 3238 uiri
524 3166 629 3263 apris
646 3166 790 3257 dandis,
803 3166 1055 3263 adsipnantlis,
1072 3165 1268 3239 decemuiri
1279 3165 1415 3264 lapibus
1471 3219 1474 3224 -

249 3280 453 3353 scribundis
475 3282 602 3371 creati,
631 3295 783 3355 curator
803 3282 916 3355 muris
936 3281 1159 3380 reficiendis,
1181 3296 1247 3355 cet.

297 3415 361 3485 His
377 3415 411 3485 in
432 3414 594 3487 formulis
610 3442 737 3487 sensus
753 3416 934 3505 destinati,
945 3416 1143 3515 propositi,
1151 3415 1260 3514 finis,
1279 3414 1411 3513 officii,

248 3544 321 3603 toto
337 3530 507 3600 orationis
524 3544 694 3601 contextu
709 3530 922 3620 declaratur,
936 3532 1090 3628 singuiis
1106 3558 1190 3603 uero
1205 3529 1415 3627 gerundiuis

247 3649 338 3740 (ug.
356 3644 549 3728 lustrandi)
566 3645 652 3715 nihil
665 3645 734 3717 nisi
747 3646 860 3742 ipsius
874 3648 974 3719 uerbi
988 3664 1076 3744 (ug.
1092 3645 1260 3738 lustrari)
1273 3671 1413 3735 sensus,

247 3774 282 3832 et
300 3760 330 3831 is
350 3759 493 3856 quidem
519 3761 697 3858 passiuus,
725 3761 843 3832 inest:
864 3764 912 3833 ita
934 3777 971 3833 ut
990 3763 1275 3859 incorporalibus
1299 3761 1414 3832 nomi-

249 3874 373 3947 nibus3
388 3888 478 3972 (ug.
496 3876 587 3974 apri
597 3875 822 3948 lustrationis
837 3888 940 3974 erpo)
956 3878 1087 3974 pariter
1102 3877 1279 3950 enuntiari
1294 3892 1415 3974 posset

280 4186 303 4236 1.
326 4187 370 4235 Ita
387 4181 483 4234 Bnan
500 4199 612 4234 sensum
643 4202 654 4230 α
674 4185 867 4236 inchoatiuum
886 4203 897 4232 >i
920 4186 949 4234 in
967 4185 1053 4236 uerba
1075 4185 1103 4234 in
1121 4198 1178 4236 sco
1196 4185 1362 4244 desinentia,
1381 4202 1414 4238 ex

249 4261 416 4324 quibusdam
432 4261 528 4310 formis
546 4266 576 4311 ut
590 4259 732 4317 adolesco
750 4260 881 4323 floresco,
899 4273 1016 4312 senesce
1035 4261 1144 4312 illatum
1158 4266 1263 4312 censet.
1281 4290 1308 4299 -
1329 4263 1414 4315 Esset

248 4339 283 4386 de
298 4336 492 4399 se'mautique,
511 4337 556 4385 ch.
574 4348 612 4393 111,
633 4335 848 4386 l‘lrradialton.

277 4418 302 4465 2.
317 4416 396 4472 Vide,
411 4416 458 4471 sis,
471 4427 543 4478 quae
558 4416 591 4464 de
607 4416 659 4465 hac
674 4429 703 4464 re
720 4415 873 4478 disputaui,
899 4417 926 4465 in
947 4416 1016 4465 meis
1041 4431 1052 4462 u
1065 4415 1156 4467 Notes
1176 4415 1211 4466 de
1231 4418 1413 4480 grammaire

246 4491 349 4549 latiae,
363 4507 392 4555 p.
416 4492 470 4541 119.
491 4491 534 4541 Cf.
554 4485 659 4548 Bnrinu,
677 4504 703 4541 o.
726 4505 752 4540 e.
770 4504 799 4552 p.
820 4491 876 4540 225.

276 4573 301 4621 3.
318 4572 361 4621 Cf.
381 4571 451 4620 Liu.
470 4583 555 4619 xxii.
572 4570 741 4634 «Angebant
755 4571 878 4632 ingentis
891 4571 1004 4635 spiritus
1016 4572 1106 4620 uirum
1119 4571 1215 4621 Sicilia
1232 4572 1414 4636 Sardiniaque

245 4648 393 4696 amissae»
421 4646 495 4709 quod
516 4645 622 4696 Gallice
644 4647 716 4696 uerti
738 4648 832 4708 potest
855 4662 866 4692 u
885 4647 913 4696 la
930 4651 1008 4710 perte
1032 4648 1066 4696 de
1090 4647 1117 4695 la
1134 4646 1217 4697 Sicile
1241 4665 1273 4706 »;
1305 4649 1354 4698 sed
1380 4663 1415 4699 ea

244 4723 373 4772 uersione
391 4721 508 4785 perlecti
532 4722 618 4778 notio,
637 4735 708 4784 quae
725 4721 813 4769 estin
837 4723 965 4772 amissae
982 4735 1037 4770 non
1055 4722 1189 4773 redditur.
1211 4724 1253 4772 Ita
1269 4725 1334 4787 auri
1353 4724 1413 4774 lus-

245 4797 348 4849 trandi
366 4811 434 4862 erqo
450 4797 528 4847 reddi
545 4800 639 4860 potest
656 4813 668 4843 (ι
684 4810 720 4846 en
737 4808 792 4847 vae
809 4795 845 4847 de
865 4796 893 4847 le
906 4797 1104 4861 purificatiou
1122 4797 1194 4848 d'un
1211 4798 1317 4864 ebamp
1333 4817 1345 4846 t
1364 4801 1414 4851 sed
