3330 5574
260 506 298 566 48
441 567 446 576 ,
548 513 592 559 nn
618 514 805 561 unnunmvr
830 514 897 560 usu
923 513 1135 564 naunnnonn

259 624 418 633 -ῳ

296 738 424 799 Nullum
438 740 520 799 enim
542 738 676 800 officium
694 737 873 819 referenda
893 741 1009 820 qratia
1030 741 1131 823 magis
1154 743 1358 804 necessarium
1380 755 1426 803 est

257 835 333 915 (Cic.
353 836 421 917 Off.
446 839 603 916 1.15.t7);
624 847 675 896 et:
700 836 780 896 Perit
798 837 898 918 gratia
918 848 947 897 et
960 837 1079 900 relatio
1093 841 1226 920 gratiae
1238 840 1264 900 si
1280 841 1425 902 timemus

174 983 177 989 .
256 935 389 996 laborem
407 935 496 1010 (Seu.
515 936 575 1016 Ep.
594 935 721 1014 74.13);
739 934 887 995 Valetudo
901 936 1069 996 sustinetur
1079 937 1198 998 notitia
1210 938 1262 999 sui
1274 943 1424 1020 eorporis

255 1043 284 1093 et
292 1032 596 1114 praetermittendis
612 1031 833 1113 uoluptatibus
846 1032 920 1114 [Cic.
938 1033 1002 1113 Off.
1024 1034 1174 1111 2.2t.86).

305 1190 412 1261 Hunc
425 1189 620 1286 gerundiui
635 1215 740 1260 usum
756 1189 932 1261 Lebreton
948 1190 1130 1262 existimat
1143 1192 1325 1288 passiuam
1340 1206 1425 1290 pro-

255 1330 409 1402 pagasse
434 1305 748 1401 significationem.
778 1305 852 1376 Nec
871 1304 1029 1378 iniuria:
1056 1333 1139 1378 nam
1163 1308 1270 1380 etiam
1293 1308 1423 1380 inhoo

255 1447 322 1492 usu
343 1420 485 1518 passiue
503 1420 664 1492 adhiberi
681 1420 924 1516 gerundivum
943 1446 1049 1493 nemo
1068 1447 1141 1493 non
1161 1423 1280 1495 sentit.

305 1536 418 1633 Igitur
431 1537 467 1606 in
480 1536 672 1632 gerundiui
690 1535 860 1606 suffixum
877 1560 959 1606 cum
974 1536 1109 1634 duplici
1123 1564 1190 1609 usu
1207 1539 1262 1610 uis
1277 1538 1421 1635 passiua

255 1650 447 1724 inferretur
457 1651 574 1748 magis
589 1676 629 1722 ac
645 1650 774 1747 magio,
787 1651 986 1723 timendum
1002 1667 1077 1723 erat
1088 1678 1132 1724 ne
1143 1678 1270 1724 sensus
1282 1654 1421 1726 actiuus

256 1767 340 1839 inde
360 1767 624 1856 exturbaretur,
646 1792 759 1864 eoque
792 1766 909 1841 maius
932 1766 1132 1863 periculum
1161 1768 1257 1866 quod
1281 1768 1422 1840 duabus

255 1883 357 1980 quasi
376 1883 444 1954 uiis
462 1884 652 1955 accedente
666 1882 782 1972 hoste,
800 1898 875 1954 erat
889 1895 1039 1980 utraque
1056 1883 1301 1955 inuadentium
1320 1885 1423 1980 copia

257 1999 426 2071 maxima.
449 1999 540 2070 Nam
564 2024 668 2070 usum
694 2012 885 2095 utrumque
913 1996 1243 2095 frequentissimum
1260 1999 1369 2072 fuisse
1388 2006 1423 2072 e't

254 2114 345 2185 ratio
370 2114 508 2204 suadet,
530 2128 565 2186 et
590 2114 708 2212 prisca
727 2127 960 2186 monumenta
980 2127 1167 2185 testantur.
1198 2115 1292 2206 Quid
1322 2115 1419 2186 enim

253 2227 476 2326 frequentius
487 2255 594 2327 quam
606 2244 644 2301 ut
656 2230 815 2301 dicamus
831 2229 917 2326 quid
928 2228 974 2300 sit
984 2229 1187 2325 agendum?
1202 2219 1320 2320 Quod,
1336 2255 1419 2301 cum

254 2344 291 2414 in
312 2345 384 2416 uita
407 2344 598 2435 cotidiana,
623 2345 685 2417 ubi
712 2344 846 2442 aliquid
868 2345 1060 2416 suademus
1082 2358 1143 2417 aut
1163 2344 1417 2442 praecipimuS,

254 2473 330 2531 tum
352 2459 388 2529 in
407 2459 509 2530 libris
522 2460 565 2532 de
580 2459 742 2532 moribus
762 2459 988 2531 instituendis
1009 2485 1049 2530 ac
1066 2460 1263 2556 praeceptis
1279 2461 1421 2558 sapien-

253 2576 323 2647 tiae
341 2575 537 2666 tradendis,
562 2575 772 2672 saepissime
791 2574 958 2647 occurrit.
986 2574 1089 2645 lllum
1114 2575 1208 2646 enim
1228 2575 1419 2671 gerundiui
1463 2604 1469 2611 ·

255 2715 360 2762 usum
380 2716 398 2760 u
414 2690 711 2787 periphrasticum
722 2718 758 2778 u,
776 2689 838 2786 qui
853 2690 948 2786 apud
965 2689 1131 2760 Plautum
1147 2704 1181 2762 et
1195 2673 1417 2788 Cyprianum

244 2806 475 2903 comparauit
490 2806 727 2895 Herkenrath,
744 2805 816 2878 illic
833 2804 1030 2895 ducenties,
1050 2805 1107 2877 hic
1125 2806 1419 2904 quadringenties

251 2922 407 2994 inueniri
426 2922 623 2994 admonet.¹
644 2923 718 2993 lam
744 2947 829 2992 uero
857 2921 944 3018 quid
970 2922 1114 3018 saepius
1136 2922 1290 2995 occurrit
1308 2947 1417 3019 quam

253 3051 290 3109 ut
320 3063 392 3108 non
420 3050 493 3108 tam
514 3050 627 3108 certas
649 3062 706 3108 res
725 3051 787 3108 aut
811 3061 984 3134 personas
1008 3046 1116 3134 quam
1143 3037 1300 3108 actiones
1319 3037 1417 3133 ipsas

251 3153 452 3249 exprimere
483 3152 702 3224 debeamus?
731 3154 853 3250 ltaque
879 3152 1151 3224 usitatissimum
1173 3152 1282 3223 fuisse
1309 3152 1416 3223 etiam

251 3267 443 3363 gerundiui
459 3293 579 3358 usum,
599 3293 670 3365 quo
686 3267 780 3339 idem
796 3267 925 3339 dicitur
940 3281 1046 3365 atque
1062 3267 1240 3339 abstracto
1255 3267 1413 3357 nomine,

250 3382 465 3477 scriptorum
498 3382 567 3453 loci
596 3381 768 3478 plurimi²
801 3384 1006 3455 ostendunt.
1030 3383 1157 3479 Igitur,
1179 3383 1265 3455 dum
1286 3383 1321 3452 in
1347 3408 1415 3454 usu

249 3497 356 3594 longe
385 3498 546 3569 omnium
579 3496 869 3595 frequentissimo
900 3499 976 3569 uim
1001 3500 1183 3595 passiuam
1211 3497 1414 3596 gerundiuo

249 3612 366 3684 inesse
391 3613 562 3704 sentiunt,
586 3614 759 3711 paulatim
780 3637 858 3684 eam
882 3612 1013 3684 babere
1041 3614 1124 3685 huic
1154 3612 1291 3686 formae
1327 3638 1414 3711 pro-

250 3728 365 3824 priam
386 3742 587 3800 assuerunt.

296 3844 337 3918 B.
348 3886 394 3896 --
409 3844 479 3915 Sed
492 3844 579 3915 haec
594 3869 665 3915 non
680 3843 765 3915 satis
780 3870 855 3916 rem
871 3870 979 3942 quarn
993 3844 1198 3941 quaerimus
1218 3845 1411 3933 illustrant,

248 3959 449 4056 magisque,
471 3985 542 4056 quo
569 3960 675 4031 modo
696 3960 751 4030 uis
777 3960 921 4056 passiua
942 3961 1194 4056 praeualuerit,
1219 3960 1414 4032 ostendunt

247 4100 355 4172 quam
372 4100 442 4171 quo
459 4075 566 4146 modo
582 4074 715 4146 factum
729 4075 775 4146 sit
791 4089 829 4146 ut
843 4076 899 4146 uis
914 4075 1031 4147 actiua
1046 4101 1157 4172 prope
1169 4088 1408 4147 euanesceret.

295 4190 373 4261 Hoc
398 4189 517 4286 itaque
553 4188 757 4260 addendum
785 4190 882 4286 quod
904 4214 989 4261 usus
1018 4190 1211 4286 gerundiui
1245 4189 1412 4287 passinus

247 4306 331 4377 dum
349 4303 544 4402 praeualet,
566 4304 723 4376 actiuum
756 4303 967 4394 obscurans,
992 4304 1083 4376 alius
1110 4305 1223 4377 creuit
1248 4331 1346 4393 usuS,
1373 4317 1413 4376 ut

246 4421 317 4492 iam
344 4421 459 4492 obiter
488 4420 693 4491 monuimus
726 4422 778 4515 (p.
814 4420 869 4507 16)
899 4420 1037 4492 actiuus
1061 4419 1121 4491 ille
1154 4421 1313 4518 quidem,
1348 4419 1411 4519 qui

1174 4621 1409 4632 .—.——-.·--=

279 4738 302 4787 1.
324 4739 530 4794 Hunnnunnrn.
547 4736 567 4787 1.
588 4736 608 4787 t.
624 4749 654 4799 p.
677 4737 730 4787 111.

277 4820 303 4870 2.
323 4818 367 4869 cs.
388 4819 507 4874 Dosson,
527 4816 547 4867 t.
570 4816 590 4868 t.
611 4829 640 4879 p.
664 4817 700 4874 19,
717 4829 759 4880 sq.
