3330 5574
604 454 647 499 nn
673 437 861 501 nanuumvr
891 457 1044 502 rannone
1368 453 1405 512 15

227 674 431 748 obsoletam
460 677 734 749 declinationem
762 677 998 750 retinuerunt.
1026 682 1055 751 lt
1103 679 1236 751 factum
1263 680 1404 751 uidetur

233 805 268 862 et.
301 791 336 860 in
370 792 490 863 Latini
523 793 699 864 sermonis
732 792 982 865 immutatione
1015 822 1022 865 :
1058 795 1092 865 in
1128 820 1200 893 quo
1233 795 1333 877 dum,
1368 796 1404 864 in

234 907 448 1004 participiali
475 934 554 997 usu,
577 907 691 980 forma
714 909 749 978 in
775 934 839 980 -ne
859 909 1027 981 desinens
1048 913 1232 1007 (sequens)
1252 911 1296 983 ad
1316 912 1406 984 acti-

234 1048 316 1092 uam
343 1022 643 1119 significationem
679 1024 952 1120 exprimendam
986 1025 1195 1121 praeualet,
1226 1040 1261 1097 et
1291 1026 1335 1097 ab
1363 1053 1405 1099 eo

233 1162 299 1208 usu
327 1137 485 1210 excludit
512 1137 665 1209 formam
695 1139 730 1208 in
746 1138 855 1210 -ndus
876 1139 1078 1230 cadentem,
1101 1141 1188 1212 haec
1212 1142 1257 1214 ad
1285 1156 1405 1238 partes

155 1274 158 1279 ·
233 1247 398 1344 passiuae
418 1248 694 1344 significationis
725 1250 915 1347 (sequendo
944 1244 1101 1345 ttinere)²
1126 1251 1274 1349 eiusque
1294 1253 1405 1325 solius

233 1362 503 1458 exprimendae,
520 1378 593 1436 tota
623 1365 778 1453 transiit,
813 1364 882 1435 nisi
916 1366 1012 1462 quod
1042 1366 1078 1435 in
1108 1367 1320 1439 attributiuo
1348 1368 1404 1439 uel

233 1477 409 1550 adiectiuo
431 1503 496 1549 usu
514 1479 686 1570 (secundo
707 1479 839 1576 spolio)
867 1480 1024 1575 priscum
1049 1481 1243 1578 aliquando
1271 1508 1402 1578 genus,

231 1591 444 1664 rellexiuum
463 1619 526 1664 seu
546 1594 703 1667 medium
721 1595 868 1682 scilicet,
886 1595 1038 1693 ideoque
1054 1597 1225 1685 actiuum,
1242 1596 1401 1667 retinuit.

233 1707 281 1777 Ea
305 1721 410 1779 tenus
432 1708 621 1797 secundus,
652 1708 844 1799 lebaudus,
873 1709 1061 1799 oriundus,
1084 1711 1281 1783 uoluendus
1306 1711 1403 1782 anti-

231 1817 444 1914 quissimum
465 1819 657 1915 gerundiui
676 1845 780 1891 usum
799 1834 989 1892 testantur.

552 2406 727 2478 CAPUT
778 2406 1078 2478 SECUNDUM
1107 2440 1109 2443 ·

232 2649 326 2713 QUOD
358 2652 405 2696 AD
448 2651 570 2696 TEMPUS
609 2651 787 2716 PERTINET,
829 2651 1058 2697 GERUNDIVUM
1092 2651 1149 2696 EST
1182 2650 1403 2696 PARTICIPIUM

280 2766 414 2810 INFECTI
421 2799 433 2830 ,
475 2766 538 2812 SEU
577 2765 789 2830 turuuret'rt,
836 2766 1029 2812 PARTICIPIO
1064 2765 1225 2811 PERFECTI
1259 2765 1294 2813 IN
1328 2765 1404 2810 ·TUS

279 2882 453 2928 DESINENTI
482 2881 685 2928 OPPOStTtJM.

285 3099 443 3195 1)Binas
459 3099 589 3189 essein
609 3096 721 3169 uerbo
737 3097 865 3168 Latino
883 3111 1086 3193 temporum
1104 3097 1214 3170 series
1231 3124 1337 3170 nemo
1350 3113 1405 3170 est

231 3216 317 3312 quin
347 3214 448 3304 sciat,
473 3214 619 3310 quidam
641 3212 919 3300 obliuiscuntur,
942 3212 1095 3284 ducibus
1115 3212 1158 3284 iis
1178 3238 1268 3310 quos
1287 3215 1403 3285 Varro

231 3328 461 3427 reprehendit
477 3330 513 3398 in
543 3327 635 3398 libro
663 3327 719 3398 De
746 3326 872 3424 linquo
893 3326 1031 3398 Latino
1051 3352 1172 3398 nono:
1201 3354 1218 3397 (t
1240 3328 1400 3399 Primum

232 3445 328 3543 quod
359 3444 461 3515 aiunt
487 3442 670 3538 analogias
703 3467 774 3513 non
812 3442 948 3512 seruari
981 3442 1018 3512 in
1049 3441 1293 3538 temporibuS‚
1322 3468 1404 3514 cum

231 3560 352 3631 dicant
363 3557 447 3656 lepi,
464 3559 558 3655 ler,
576 3558 711 3655 leptim,
729 3570 764 3628 et
779 3557 830 3628 sio
845 3556 1009 3628 similiter
1025 3557 1107 3647 alia,
1127 3583 1210 3628 nam
1227 3582 1319 3655 quae
1333 3558 1406 3629 sint

232 3688 271 3746 ut
299 3672 372 3770 lepi
396 3672 594 3770 perlectum
615 3670 833 3767 significare,
863 3671 934 3742 duo
959 3671 1095 3769 reliqua
1123 3672 1202 3768 lepo
1225 3685 1259 3744 et
1285 3671 1404 3767 lepum

231 3789 448 3876 inchoatum,
476 3786 606 3856 iniuria
634 3784 915 3881 reprehendunt.
936 3784 1029 3855 Nam
1047 3811 1093 3856 ex
1119 3786 1244 3856 eodeni
1271 3810 1404 3881 genere

232 3918 265 3976 et
276 3929 322 3976 ex
332 3902 508 3974 diuisione
519 3901 613 3972 idem
632 3899 781 3971 uerbum
793 3899 891 3996 quod
902 3914 1088 3995 sumptum
1102 3914 1155 3972 est
1165 3926 1230 3997 per
1241 3914 1404 3996 tempora

230 4018 368 4090 traduci
400 4031 535 4113 potest,
568 4029 606 4086 ut
637 4013 834 4102 discebam,
870 4014 985 4102 dr‘sco,
1019 4014 1178 4105 disemo,
1209 4028 1244 4086 et
1279 4015 1403 4087 eadem

232 4120 393 4230 perlecti,
411 4132 462 4203 sic
476 4129 688 4219 dediceram,
706 4127 829 4217 didici,
847 4127 1052 4200 didicero...
1073 4131 1160 4201 ltem
1176 4129 1265 4201 illud
1279 4154 1405 4226 repre-

232 4248 394 4320 hendunt
424 4245 519 4343 quod
560 4245 722 4335 dicamus
756 4269 881 4332 umor,
912 4244 1083 4331 amabor,
1117 4255 1261 4315 amotus
1291 4269 1401 4315 sum:

233 4361 416 4434 nonenim
437 4359 604 4432 debuisse
623 4358 659 4428 in
675 4384 745 4429 una
767 4359 859 4430 serie
879 4384 992 4430 unum
1009 4359 1160 4430 uerbum
1176 4384 1254 4430 esse
1269 4358 1404 4454 duplex

154 4509 157 4513 ’
233 4503 315 4550 oum
331 4478 402 4548 duo
424 4474 599 4572 simplicia
613 4487 745 4545 essent.
764 4473 888 4570 Neque
900 4499 945 4545 ex
958 4473 1134 4545 diuisione
1150 4473 1178 4544 si
1196 4473 1404 4544 uniusmodi

216 4617 346 4690 ‚ponas
380 4590 502 4680 uerba,
543 4589 748 4683 discrepant
779 4589 872 4660 inter
901 4613 965 4660 sc:
1002 4613 1085 4659 nam
1121 4587 1251 4685 infecta
1282 4587 1403 4660 omnia

233 4706 409 4804 simplicia
425 4704 556 4776 similia
576 4717 687 4792 sunt3
714 4716 749 4774 et
768 4701 925 4800 perfecta
945 4702 1100 4800 duplicia
1127 4702 1219 4774 inter
1237 4727 1276 4773 se
1302 4702 1403 4800 paria
