3330 5574
636 480 680 525 nu
706 478 860 525 crnuuun
888 479 1027 527 omcmu
1376 474 1412 532 31

249 705 385 777 d'autre
405 717 485 801 part
499 704 532 776 la
547 703 738 777 diffe'rence
757 703 943 802 vocalique
962 705 1011 777 du
1029 703 1200 802 gerondif
1226 702 1363 800 offendi
1381 717 1415 775 et

249 821 291 892 de
306 819 478 918 l'adjeotif
489 819 612 892 verbal
627 820 796 918 opuntius
810 821 899 892 rend
913 836 1056 918 compte
1076 846 1141 917 par
1157 845 1225 891 une
1241 819 1415 892 contami-

248 936 370 1008 nation
393 936 476 1008 bien
508 935 610 1008 facile
628 942 663 1043 (a
692 936 865 1008 admettre
894 937 938 1008 de
966 950 1057 1009 cette
1084 939 1201 1007 meme
1222 935 1413 1008 difference
1469 920 1475 931 ’

248 1066 347 1124 entre
365 1051 397 1124 le
416 1067 502 1149 type
521 1051 696 1130 oriundus
714 1065 748 1124 et
763 1051 794 1124 le
813 1066 899 1149 type
920 1049 1132 1123 1011111111.
1144 1080 1161 1122 u
1184 1051 1254 1123 Sed
1281 1077 1346 1124 neo
1366 1051 1414 1153 ita

248 1167 351 1239 nobis
372 1168 458 1240 satis
478 1167 651 1265 probatur
671 1167 857 1265 proposita
877 1166 1083 1245 sententia:
1103 1192 1186 1237 nam
1211 1180 1245 1239 et
1264 1166 1333 1238 alia
1355 1166 1414 1238 uia
1478 1152 1486 1165 ⁹

248 1281 382 1355 factum
418 1297 472 1356 est
507 1296 546 1355 ut
577 1309 596 1355 e
628 1282 831 1379 gerundiuo
865 1282 1010 1378 passiuo
1046 1296 1164 1354 ortum
1196 1282 1414 1379 gerundium

248 1399 402 1470 actiuam
422 1399 601 1471 uideretur
621 1399 751 1471 habere
776 1397 1077 1494 significationem
1109 1396 1165 1491 (cf.
1196 1397 1288 1470 infra
1309 1424 1345 1495 p.
1369 1400 1415 1486 34

247 1518 334 1612 sq.)‚
366 1529 401 1587 et
423 1540 468 1587 ex
490 1540 556 1586 usu
572 1514 773 1611 priscorum
795 1515 1024 1610 scriptorum,
1047 1539 1088 1585 ao
1110 1513 1266 1585 maxime
1282 1514 1411 1604 Plauti,

248 1647 397 1727 apparet
416 1630 549 1703 formas
566 1631 601 1701 in
617 1630 753 1701 -uno'us
769 1631 900 1728 pariter
920 1629 1086 1727 gerundii
1102 1645 1208 1726 atque
1222 1630 1415 1726 gerundiui

246 1744 357 1818 fuisse
369 1746 406 1816 in
420 1745 599 1844 plerisque
609 1745 744 1834 uerbis,
760 1745 893 1817 formas
909 1770 995 1817 uero
1011 1745 1048 1815 in
1064 1744 1196 1816 -eno'us
1210 1745 1415 1818 desinentes

247 1861 379 1959 pariter
394 1861 429 1932 in
444 1861 648 1959 gerundiuo
670 1861 896 1956 (uolneratos)
912 1874 946 1932 et
965 1861 1001 1930 iu
1020 1860 1198 1957 gerundio
1216 1859 1415 1958 (uoluendr')

246 1977 423 2049 adhibitas
439 1977 475 2047 in
487 1977 616 2050 'uerbis
634 2003 725 2074 quae
744 2003 788 2048 uo
808 1977 933 2049 litteris
951 1976 1200 2065 terminantur,
1223 1990 1261 2046 ut
1276 1975 1412 2074 linquo,

245 2092 359 2182 soluo,
377 2092 471 2164 unde
482 2093 518 2163 in
533 2092 669 2190 reliqua
680 2106 712 2164 et
723 2092 923 2189 gerundiua
939 2108 974 2164 et
987 2091 1162 2188 gerundia
1178 2107 1416 2186 peruaserunt

247 2207 318 2301 (Cf.
341 2232 422 2305 sup.
450 2232 485 2305 p.
516 2210 590 2303 22).

295 2324 332 2418 5)
348 2323 543 2421 Reliquum
555 2338 609 2395 est
622 2323 733 2420 igitur
744 2338 783 2395 ut
796 2323 1013 2419 gerundium
1029 2348 1048 2395 e
1062 2325 1267 2420 gerundiuo
1280 2324 1415 2396 oriatur

248 2439 424 2511 actionem
459 2465 531 2511 non
570 2438 727 2512 futuram
765 2464 806 2511 ac
850 2439 1111 2529 necessariam,
1147 2441 1210 2512 sed
1246 2440 1414 2513 infectam

249 2555 484 2651 exprimente.
934 2557 938 2564 ’

296 2671 400 2761 Quod
415 2672 596 2770 quomodo
612 2670 744 2744 factum
772 2671 830 2759 sit,
848 2695 930 2741 cum
945 2670 1079 2742 factum
1095 2671 1142 2743 sit
1159 2671 1195 2742 in
1209 2673 1413 2768 gerundiuo
1473 2742 1480 2760 ,

248 2810 310 2857 seu
328 2787 515 2884 participio
530 2785 668 2885 insecti,
682 2786 815 2857 indicat
831 2785 957 2881 similis
973 2812 1060 2858 usus
1080 2787 1244 2884 participi
1252 2787 1418 2885 perfecti

248 2902 394 2997 passiui.
426 2903 518 2973 Nam
542 2902 610 2973 hoc
630 2901 873 2997 participium,
900 2913 939 2971 ut
961 2916 1086 2973 uotum
1107 2916 1173 2991 est,
1201 2927 1272 2973 non
1297 2902 1414 2974 solum

247 3041 328 3087 cum
361 3017 519 3088 subiecto
551 3015 740 3088 adhibetur
768 3015 873 3111 (liber
905 3014 1014 3087 lectus
1045 3019 1112 3112 est)
1143 3018 1206 3088 sed
1232 3017 1412 3090 interdum

247 3131 353 3202 etiam
369 3131 446 3203 sine
465 3131 639 3220 subiecto,
664 3130 712 3201 ita
734 3145 772 3201 ut
792 3130 908 3201 neutri
931 3130 1083 3202 formam
1104 3132 1255 3228 accipiat
1274 3131 1413 3224 (lectum

246 3258 310 3334 est,
328 3246 416 3317 itum
431 3259 547 3336 est,.ut
560 3245 708 3344 leqitur,
730 3245 833 3340 r'tur);
852 3246 914 3317 sed
929 3272 1002 3318 non
1017 3247 1085 3320 hoo
1099 3261 1256 3320 tantum:
1276 3275 1360 3319 nam
1377 3264 1416 3320 ut

245 3359 338 3432 libro
354 3360 455 3453 lecto,
472 3362 520 3433 ita
542 3362 671 3434 dicitur
692 3360 854 3434 absolute
874 3360 974 3446 lecto,
994 3362 1031 3434 id
1051 3376 1105 3434 est
1125 3363 1186 3433 ubi
1200 3364 1327 3435 lectum
1347 3376 1413 3454 est,

245 3500 323 3548 cum
340 3476 464 3549 lectum
480 3489 582 3549 esset.
602 3479 652 3548 lta
670 3478 751 3560 Ter.
769 3477 858 3549 Hee.
879 3477 948 3573 737
970 3505 978 3548 :
1005 3504 1022 3547 u
1037 3478 1086 3548 Ea
1102 3491 1215 3549 aetate
1231 3478 1301 3549 iam
1317 3504 1412 3568 sum,

246 3605 285 3662 ut
299 3617 369 3663 non
393 3594 472 3682 siet,
488 3605 638 3690 peccato
658 3592 699 3690 (=
716 3592 751 3663 si
764 3585 789 3664 o
808 3618 863 3664 me
875 3605 1062 3691 peccatum
1082 3593 1143 3684 sit)
1165 3584 1252 3663 mihi
1275 3593 1414 3690 ignosci

246 3731 413 3805 aequum.
429 3735 447 3779 »
471 3708 539 3780 Hic
558 3734 659 3798 usus,
679 3707 807 3805 priscis
822 3707 1059 3804 temporibus
1081 3708 1238 3780 ablatiuo
1256 3709 1414 3781 maxime

245 3822 503 3912 casu‚·uidetur
519 3822 695 3895 ualuisse:
714 3849 797 3894 nam
813 3848 855 3895 eo
865 3823 1023 3894 maxime
1033 3848 1116 3895 casu
1136 3849 1259 3913 causo,
1278 3824 1413 3897 instru-

201 4039 203 4042 4
245 3950 413 4028 mentum,
453 3939 612 4036 aliaeque
649 3938 824 4010 eiusmodi
862 3938 1040 4028 notiones,
1081 3964 1169 4036 quas
1208 3939 1413 4039 frequenter

245 4054 447 4150 exprimere
480 4079 624 4125 necesse
657 4067 738 4142 est‚.
759 4053 1022 4149 exprimuntur.
1060 4055 1145 4126 lude
1177 4055 1235 4126 illa
1264 4056 1413 4153 perfecti

245 4169 432 4266 participia
459 4170 623 4261 oriuntur
648 4193 739 4266 quae
765 4168 809 4240 ad
841 4169 914 4239 uim
941 4166 1013 4241 fere
1040 4169 1282 4242 aduerbialem
1312 4186 1412 4242 tran-

244 4284 409 4356 sierunt:
444 4284 629 4383 auspicato
657 4282 787 4371 (Plaut.
815 4283 924 4354 Pers.
958 4284 1061 4379 607),
1091 4284 1250 4357 consulto
1279 4287 1406 4383 (Poen.

246 4401 344 4496 788),
362 4411 485 4497 optato
501 4398 647 4496 (Amph.
661 4399 761 4489 658),
779 4397 945 4471 intestato
957 4399 1045 4493 (Cic.
1059 4399 1115 4470 De
1127 4399 1192 4471 Or.
1208 4401 1301 4498 139·
1314 4408 1407 4499 177),

243 4514 420 4586 sotr'sduto
442 4514 521 4609 (Ad
538 4515 614 4585 Au.
637 4541 710 4584 xm.
735 4514 824 4602 63),
850 4513 979 4585 sortito
1006 4513 1063 4611 (ln
1096 4514 1198 4587 Verr.
1231 4517 1407 4608 11.l‡.51),

244 4644 312 4702 cet.
352 4632 392 4702 ln
428 4629 575 4727 reliquis
612 4630 755 4701 casibus
788 4630 884 4701 idem
921 4655 1006 4701 usus
1038 4631 1152 4701 rarior
1190 4632 1335 4728 quidem
1368 4659 1409 4705 ac
1460 4715 1465 4732 f

246 4746 422 4842 posterior
444 4744 638 4815 inuenitur.
661 4743 758 4833 (Liu.
785 4745 901 4816 1.53.1
932 4743 966 4814 ni
992 4743 1248 4840 deponeretum
1271 4747 1307 4817 in
1330 4748 1410 4820 aliis
