3330 5574
338 446 359 504 2
822 449 1027 497 rnoomssmu

339 676 436 749 enim
465 674 618 747 formam
648 674 685 744 in
712 672 821 745 ndns
846 672 1033 744 cadentem
1058 671 1201 742 Dosson
1230 669 1401 741 docuerat
1431 691 1521 740 esse

332 798 537 899 proesentis
556 795 982 894 temporis‚Weisweiler
994 795 1131 892 futuro
1160 792 1374 882 uindicauit3
1398 816 1520 891 quam

339 923 399 996 ille
429 922 573 1019 saepius
604 921 705 993 initio
729 921 937 1013 poseium,
966 920 1148 992 interdurn
1177 932 1297 991 tamen
1331 915 1519 1007 aestuem,

338 1047 396 1119 hic
415 1072 601 1144 nunquam
621 1071 691 1118 non
709 1044 919 1144 possinom3
950 1070 1058 1142 quam
1086 1043 1241 1140 denique
1262 1041 1321 1114 ille
1340 1064 1521 1138 assump-

270 1198 274 1203 ·
339 1170 426 1242 sisse
458 1170 630 1267 paulatim
665 1169 848 1241 notionem
886 1167 1123 1253 necessitatis,
1160 1166 1280 1265 offici,
1324 1178 1409 1254 cet,
1454 1163 1522 1245 hic

340 1295 504 1366 notiuom
520 1293 688 1366 ltobm'sse
699 1293 744 1364 ab
755 1292 856 1364 initio
867 1292 1062 1364 contendit.
1082 1290 1175 1363 Huic
1189 1289 1327 1362 assensi
1340 1302 1426 1361 sunt
1442 1287 1520 1360 uiri

340 1419 448 1508 docti,
477 1418 688 1515 praesertim
709 1417 821 1488 inster
846 1418 1058 1505 GermanoS,
1087 1414 1269 1512 permulti,
1298 1414 1390 1485 inter
1419 1437 1520 1510 quos

340 1542 552 1614 nominandi
589 1542 757 1613 uidentur
788 1540 1033 1636 ssrugmann¹
1063 1553 1098 1612 et
1135 1537 1356 1610 Delbrilck².
1392 1537 1441 1608 At
1474 1536 1518 1606 in

341 1665 470 1755 Gallia,
502 1666 620 1762 magis
648 1665 693 1737 ad
722 1665 865 1736 Dosson
898 1678 932 1736 et
962 1664 1077 1736 Havet
1107 1663 1252 1760 placita,
1284 1661 1350 1734 etsi
1376 1686 1452 1732 non
1476 1661 1519 1730 in

342 1787 523 1878 omnibuS,
542 1789 715 1861 accedunt
729 1788 778 1858 M.
798 1787 925 1858 Breal³
944 1801 979 1858 et
994 1788 1036 1857 V.
1059 1787 1182 1884 chry
1194 1785 1218 1858 ⁴.
1235 1785 1397 1882 Denique
1416 1809 1518 1856 anno

342 1911 508 2008 proxime
541 1911 662 2009 elapso
699 1912 823 2008 (1900)
857 1911 1177 1982 commentationes
1207 1909 1251 1981 de
1279 1907 1447 2005 gerundii
1480 1921 1520 1980 et

343 2034 536 2131 gerundiui
550 2035 689 2131 origine
704 2049 739 2107 et
754 2060 821 2106 usu
832 2035 1057 2106 doctissimas
1072 2033 1300 2106 edideruntJ.
1316 2031 1521 2104 Lebreton5

344 2172 378 2230 et
395 2161 435 2230 P.
458 2158 647 2230 Persson⁶.
670 2158 741 2250 Qui
757 2159 801 2230 de
824 2159 930 2230 huius
950 2158 1085 2229 formae
1105 2156 1368 2254 significatione
1391 2170 1425 2228 et
1446 2181 1517 2228 usu

345 2281 476 2378 partim
501 2284 657 2372 Dosson,
681 2282 811 2379 partim
831 2282 1060 2354 Weisweiler
1080 2295 1292 2379 sequuntur.
1359 2304 1375 2322 ·

394 2406 509 2504 Igitur
524 2406 616 2478 inter
636 2406 760 2477 doctos
779 2431 894 2502 pauca
913 2418 1092 2494 constant,
1112 2421 1174 2478 aut
1191 2406 1221 2477 si
1241 2405 1327 2503 quid
1345 2405 1518 2478 omnibus

346 2531 474 2628 placet,
502 2530 538 2601 id
564 2555 636 2600 non
665 2529 792 2601 eodem
818 2529 927 2601 modo
955 2543 1014 2601 aut
1041 2529 1271 2601 nullomodo
1299 2529 1513 2627 explicatur.

347 2656 470 2752 Itaque
489 2652 791 2749 significationem
814 2652 996 2748 passiuam
1026 2653 1082 2725 uel
1103 2679 1122 2724 a
1144 2653 1272 2749 priscis
1291 2653 1518 2751 temporibus

348 2777 591 2874 praeualuisse
617 2800 698 2846 cum
719 2775 882 2865 doceant,
907 2776 944 2848 id
966 2801 1038 2873 quo
1059 2775 1163 2848 modo
1188 2776 1320 2849 factum
1342 2777 1387 2849 sit
1409 2802 1518 2850 nemo

347 2899 421 2971 fere
438 2898 586 2971 euoluit.
613 2900 687 2970 lam
707 2924 793 2970 uero
816 2899 962 2996 quidam
1001 2899 1036 2969 in
1064 2899 1195 2971 multas
1228 2901 1457 2974 difficultates
1484 2916 1521 2974 et

348 3023 535 3118 angustias
561 3021 642 3094 ideo
663 3022 806 3094 adducti
838 3035 935 3112 sunt,
966 3024 1061 3121 quod
1081 3037 1142 3096 aut
1169 3050 1245 3121 quo
1265 3037 1383 3097 aetate
1401 3025 1519 3097 forma

349 3171 511 3244 quaeque
531 3159 565 3218 et
584 3171 711 3217 sensus
731 3146 920 3242 uiguisset,
948 3160 1009 3218 aut
1036 3174 1127 3245 quae
1149 3163 1242 3220 esset
1273 3175 1357 3221 uera
1391 3149 1523 3224 Latini

343 3267 540 3368 participii
569 3281 719 3358 notura,
744 3270 918 3341 nonsatis
942 3284 1075 3343 attente
1095 3285 1364 3369 reputaueruut.
1395 3275 1520 3372 Itaque

350 3395 436 3467 dum
490 3393 742 3489 coniungenda
787 3408 972 3490 separant,
1025 3396 1225 3492 separanda
1273 3397 1518 3494 coniungunt,

351 3507 548 3580 recentiora
565 3507 600 3577 in
622 3508 795 3580 rationem
820 3509 1014 3599 adducunt,
1033 3524 1105 3583 tota
1116 3511 1310 3607 gerundiui
1329 3538 1521 3610 acgerun-

352 3631 402 3704 dii
427 3630 518 3702 ratio
546 3630 753 3728 perturbata
779 3645 832 3704 est
857 3646 892 3704 et
915 3633 1118 3705 obscurata.

370 3783 373 3789 ’
402 3755 502 3847 Quae
520 3754 760 3827 consideranti
788 3755 876 3826 mihi
894 3757 1070 3828 succurrit
1097 3756 1165 3828 alia
1184 3773 1217 3830 et
1237 3784 1282 3830 ex
1301 3774 1402 3858 parte
1424 3786 1521 3834 noua

352 3879 459 3951 huius
473 3877 525 3949 rei
543 3876 816 3974 inuestigandae
831 3893 866 3950 et
885 3879 1131 3976 explanandae
1149 3882 1253 3971 ratio,
1283 3910 1367 3981 qua,
1390 3899 1429 3956 ut
1448 3910 1519 3957 non

386 4176 409 4225 1.
430 4172 598 4225 Gruudriss
615 4173 668 4223 der
686 4173 744 4236 opt.
761 4172 897 4224 Gratum.
919 4175 955 4235 Il,
973 4188 1000 4237 p.
1016 4175 1098 4224 iti-24.

385 4254 411 4304 2.
437 4252 666 4314 Verpleichende
680 4253 836 4314 syntex...
854 4264 883 4309 11,
901 4267 931 4316 p.
951 4254 1008 4303 489.

385 4335 411 4384 3.
431 4332 518 4383 Esset
534 4331 569 4383 de
585 4332 781 4394 sementique
799 4345 829 4396 p.
850 4333 880 4382 50
894 4346 900 4392 ;
919 4335 946 4382 et
958 4332 1117 4383 diemoires
1128 4332 1163 4383 dc
1176 4333 1204 4384 la
1217 4334 1330 4389 Socrate
1347 4337 1382 4389 de
1398 4339 1523 4405 linquis-

355 4413 436 4477 tz'que
449 4411 484 4462 de
496 4409 593 4472 Paris,
610 4413 632 4460 t.
650 4421 708 4467 vm,
725 4423 751 4472 p.
767 4412 824 4461 307.

385 4492 411 4542 4.
431 4491 529 4542 Reoue
545 4489 682 4552 critique,
695 4499 713 4544 1,
731 4502 761 4551 p.
777 4489 819 4540 49.

385 4569 412 4617 5.
432 4567 591 4626 Lnensrou,
605 4563 626 4614 t.
644 4563 662 4613 t.

386 4647 411 4696 6.
432 4645 473 4696 De
505 4644 628 4707 Oriptne
651 4655 684 4692 ac
717 4640 750 4692 ui
778 4641 962 4707 primipenia
990 4645 1134 4709 perundii
1164 4650 1191 4699 el
1217 4650 1381 4712 perunctus
1419 4652 1520 4705 latini.

355 4723 561 4790 Upsala,1900.
