3330 5574
188 616 192 624 ·
295 545 334 605 38
579 554 623 599 11
648 551 838 599 1111111111
863 550 929 596 usu
955 549 1168 597 aucsuuoau

320 809 345 850 1.
367 787 459 868 Cupt.
485 786 555 866 743.
694 784 792 845 Breue
813 783 947 866 spatium
962 792 1006 842 est
1016 774 1221 864 perferundi
1241 801 1325 863 quoe
1340 780 1465 841 minitas

733 881 820 942 mihi.
1308 899 1311 905 ¹

317 1005 344 1043 2.
368 981 456 1042 Trin,
482 981 567 1041 1131.
697 979 785 1057 Quod
831 979 937 1038 datum
974 976 1171 1049 utendumst,
1214 975 1388 1056 repetundi
1430 975 1467 1034 id

734 1077 859 1158 copiast,
876 1074 999 1156 quando
1014 1074 1100 1135 uelis.

316 1178 344 1239 3.
362 1177 464 1238 Sticli.
483 1176 553 1236 681.
698 1173 822 1234 Stichus
834 1182 1022 1258 opsonatust.
1043 1160 1187 1232 Ceterum*
1204 1169 1350 1230 curando
1367 1169 1405 1230 id
1418 1190 1466 1228 me

482 1289 486 1300 ·
547 1271 553 1287 ¹
734 1270 887 1352 adlegaui.

317 1376 346 1445 4.
363 1373 450 1434 Men.
470 1371 542 1432 686.
697 1371 782 1446 Quae
801 1366 940 1444 conmisi,
964 1377 998 1427 11
1012 1388 1059 1427 me
1074 1366 1229 1441 defrudes‚
1252 1365 1291 1426 ad
1312 1385 1379 1425 eam
1401 1384 1465 1424 rem

734 1466 870 1526 adfectas
892 1465 988 1541 uiam.

695 1565 754 1624 Mu.
768 1565 872 1644 Neque
884 1563 990 1644 edepol
1003 1570 1031 1622 te
1043 1561 1251 1643 defrudandi
1260 1581 1352 1621 causa
1362 1579 1464 1641 posco.

315 1669 343 1727 5.
362 1659 513 1726 Pseudol.
530 1663 592 1723 5.6.
692 1657 1464 1742 Duorumlaboriegohomiuumparsissemlubens:

403 1745 406 1750 ’
695 1759 755 1819 Mei
773 1770 802 1820 te
822 1759 978 1839 repandi,
995 1768 1024 1817 et
1038 1757 1077 1818 tis
1092 1755 1294 1838 respondendi
1309 1754 1396 1816 mihi.

320 1862 348 1921 6.
366 1859 467 1941 Epid.
488 1858 555 1928 (iob.
699 1856 759 1916 Abi
774 1856 863 1916 modo
879 1856 970 1932 intro,
986 1866 1076 1936 atque
1095 1854 1173 1914 hanc
1188 1855 1316 1914 obserua
1332 1852 1465 1924 Circam,

735 1953 808 2013 solis
829 1953 939 2015 filiam.

695 2053 761 2132 Ego
781 2050 892 2110 relictis
914 2050 1005 2110 rebus
1025 2048 1201 2130 Epidicum
1222 2068 1345 2130 operam
1362 2066 1466 2128 quae·

737 2148 839 2208 reudo
860 2147 953 2207 dabo.

325 2268 352 2327 7.
370 2246 443 2308 Mil.
466 2245 552 2327 pior.
572 2247 639 2307 255.
703 2247 785 2306 Intro
806 2245 857 2305 abi
873 2267 958 2326 erg0,
980 2254 1008 2304 et
1029 2244 1054 2304 si
1076 2243 1156 2304 istist
1176 2243 1296 2315 mulier,
1316 2262 1383 2301 eam
1398 2240 1469 2301 iube

738 2343 796 2404 cito
811 2344 938 2403 domum
957 2342 1140 2403 transire...

1013 2441 1051 2498 Et
1066 2438 1190 2520 quidem
1205 2460 1262 2521 ego
1278 2437 1328 2497 ibo
1342 2436 1470 2496 domum

699 2539 798 2618 Atque
817 2537 979 2598 homiuem
1001 2536 1235 2617 inuestipundo
1257 2556 1379 2617 operam
1398 2534 1470 2594 huie

739 2635 1002 2695 dissimulabiliter
1016 2634 1095 2695 dabo

700 2734 761 2811 Qui
784 2733 875 2793 fuerit
894 2754 1067 2805 conseruos,
1090 2731 1144 2814 qui
1165 2731 1254 2792 hodie
1280 2731 1318 2790 sit
1339 2739 1470 2790 sectatus

741 2830 874 2890 simiam.

319 2932 347 2991 8.
371 2929 459 2989 Trio.
484 2929 571 2999 1048.
696 2928 776 2987 Male
789 2927 895 3008 fldem
915 2927 1080 2988 seruando
1096 2927 1163 2988 illos
1184 2947 1304 3009 quoque
1319 2927 1471 3006 abrogant

740 3025 833 3085 fidem

702 3123 762 3200 Qui
779 3122 856 3182 nihil
872 3123 981 3183 meriti.

323 3244 352 3304 9.
372 3222 443 3283 Cas,
466 3221 531 3301 189.
704 3221 775 3282 Cic.
788 3221 897 3280 Virme
906 3220 996 3281 habet
1006 3221 1157 3303 pessumis
1168 3219 1351 3300 despicatam
1358 3216 1469 3293 modis,

701 3320 762 3377 Nec
774 3317 850 3376 mihi
864 3317 913 3378 ius
929 3339 1032 3378 meum
1048 3318 1219 3379 obtinendi
1234 3316 1315 3398 optio
1328 3326 1381 3376 est.

701 3416 803 3476 Minu.
820 3415 898 3474 Mira
914 3426 986 3476 suut
1000 3437 1073 3475 uera
1087 3415 1113 3474 si
1128 3414 1284 3496 praedicas
1299 3436 1305 3488 ;
1324 3433 1397 3473 nam
1414 3410 1472 3472 uiri

703 3513 753 3571 lus
769 3534 859 3572 suum
882 3512 1018 3573 obtinere
1031 3513 1070 3572 ad
1088 3513 1231 3573 mulieres
1246 3511 1329 3570 haud
1343 3520 1470 3590 queunt.

310 3632 354 3672 10.
374 3611 471 3671 Cure.
491 3611 562 3689 706.
705 3610 849 3681 Dicundi,
866 3631 927 3669 non
944 3630 1011 3669 rem
1027 3609 1197 3690 perdundi
1211 3609 1310 3691 gratia
1325 3608 1399 3668 haec
1414 3609 1470 3686 (sc.

743 3707 863 3789 lingua)
878 3717 978 3767 natast
994 3706 1084 3769 mihi.

309 3804 476 3865 11.Poeu.
499 3804 570 3865 223.
708 3805 769 3864 Eae
798 3809 854 3883 (sc.
888 3804 1027 3876 ancillae)
1060 3824 1116 3864 uos
1147 3803 1302 3886 leuando,
1336 3802 1473 3864 eluendo

742 3922 865 3982 operam
880 3901 1039 3960 dederuut.

309 4019 353 4057 12.
375 3997 575 4076 81101117.
700 4001 835 4058 Potestas
868 3997 1110 4079 adipiscundist
1143 3996 1304 4078 plurium,
1335 3996 1472 4069 laudem,

744 4096 846 4158 decus.
1514 4086 1517 4091 ¹

310 4194 355 4255 13.
373 4191 462 4254 Men.
486 4191 558 4252 882.
705 4193 816 4252 Lumbi
839 4193 980 4267 sedendo,
1002 4193 1080 4252 oculi
1095 4192 1257 4274 spectando
1278 4192 1476 4263 1101011111-

744 4291 850 4351 nendo
867 4290 1026 4351 medicum
1041 4291 1116 4350 <lum
1129 4312 1160 4349 se
1175 4312 1210 4350 ex
1228 4311 1316 4371 opere
1331 4289 1469 4370 recipiat.

356 4458 453 4529 Haec
479 4457 661 4553 exempla,
700 4457 730 4529 si
757 4459 801 4529 ad
830 4473 1036 4531 contextum
1071 4460 1264 4532 uerborum
1291 4458 1473 4547 attendaS,

311 4571 456 4644 Plautus
468 4597 574 4669 quam
591 4597 671 4643 raro
683 4571 884 4670 quibusque
897 4575 1097 4645 rationibus
1108 4575 1283 4646 adductus
1298 4573 1476 4669 gerundio

228 4692 230 4699 '
311 4687 496 4758 transitiue
510 4700 643 4776 utatur,
657 4688 863 4759 ostendunt.
887 4689 978 4759 Nam
995 4689 1030 4758 io
1047 4689 1173 4785 primis
1198 4692 1246 4782 (1.
1271 4715 1304 4760 2.
1325 4689 1358 4758 3.
1379 4688 1414 4773 lt·
1439 4690 1473 4782 5)

310 4802 528 4900 gerundium
555 4807 637 4874 cum
663 4802 877 4900 pronomine
899 4803 1118 4900 coiungitur,
1148 4817 1210 4875 aut
1228 4815 1355 4876 neutro
1381 4805 1477 4900 quod
