3330 5574
209 555 248 616 54
496 563 540 607 DE
565 562 753 609 GRRUNDIVI
780 563 845 610 USU
875 561 1086 609 RECENTIORE

210 786 459 865 Romanorum
488 800 578 860 teste
605 786 852 879 Quintilian0¹
872 787 1108 860 erudissimus
1138 785 1208 877 uir,
1233 800 1379 859 contra-

208 902 294 976 dicit
318 903 369 974 M.
398 904 439 974 T.
470 903 597 975 Varro.
636 904 669 974 ls
695 903 791 975 enim
825 902 864 973 in
895 902 987 975 libro
1015 903 1059 975 de
1085 901 1221 975 Latina
1252 901 1380 998 linquo

210 1020 365 1091 octauo⁹
394 1019 486 1090 «Ab
509 1044 606 1110 omo,
634 1018 764 1117 inquit,
786 1033 822 1091 et
841 1018 1017 1113 eiusmodi
1044 1018 1163 1091 uerbis
1190 1017 1376 1105 omnibuS,

209 1133 373 1206 oriuntur
393 1160 561 1232 praesens
580 1149 616 1207 et
631 1133 806 1224 futurum,
829 1148 869 1206 ut
889 1160 1017 1207 amans
1037 1149 1072 1207 et
1090 1146 1310 1223 amoturns;
1333 1130 1378 1203 ab

210 1249 262 1321 eis
282 1250 402 1322 uerbis
426 1250 570 1322 tertium
603 1250 700 1349 quod
719 1250 827 1322 debet
853 1250 942 1347 fingi
970 1249 1165 1346 praeteriti,
1191 1249 1228 1320 in
1253 1248 1378 1345 lingua

213 1360 339 1433 Latina
358 1361 507 1460 reperiri
527 1387 597 1434 non
617 1374 752 1459 potest:
775 1387 848 1434 nou
868 1386 957 1458 ergo
975 1374 1029 1433 est
1054 1359 1235 1458 analogia.
1257 1359 1317 1430 Sic
1335 1359 1381 1432 ab

210 1501 329 1566 amor,
358 1477 475 1575 lepor,
501 1492 535 1550 et
559 1477 734 1551 eiusmodi
760 1477 881 1550 uerbis
902 1476 1117 1550 uocabulum
1136 1477 1213 1549 eius
1232 1475 1378 1573 generis

213 1593 395 1688 praeteriti
421 1593 594 1690 temporis
621 1594 674 1683 fit,
693 1608 733 1665 ut
751 1606 896 1666 amotus
912 1618 1028 1682 erum,
1045 1619 1137 1682 sum,
1159 1617 1241 1681 ero;
1263 1616 1380 1689 neque

204 1709 412 1806 proesentis
425 1709 652 1807 etsnturiob
668 1708 721 1781 tis
729 1709 785 1808 fit
798 1709 823 1780 ³.
841 1737 860 1781 »
880 1710 1003 1806 ltaque
1020 1722 1109 1782 teste
1129 1708 1207 1780 uiro
1234 1707 1380 1804 linguae

214 1811 611 1923 Latinae'peritissimO,
631 1825 824 1916 amandae,
842 1825 1024 1898 Ciceronis
1043 1838 1170 1914 aetate,
1196 1848 1267 1895 non
1285 1822 1381 1894 idem

213 1953 266 2011 est
280 1955 386 2039 atque
402 1948 685 2040 ὁφιληθησὸμενος,
705 1954 745 2013 ut
759 1954 874 2013 aetate
889 1940 1063 2012 Prisciani
1078 1939 1158 2012 luit.

260 2074 302 2144 B.
328 2117 372 2130 -
393 2075 463 2147 Sed
478 2075 600 2147 relicta
614 2074 932 2172 grammaticorum
948 2074 1171 2161 auctoritate,
1189 2097 1281 2171 quae
1300 2071 1379 2169 ipsa

212 2188 400 2262 nobiscum
415 2189 512 2279 lacit,
528 2191 573 2263 ad
591 2190 807 2288 scriptorum
822 2215 929 2263 usum
944 2189 1145 2262 ueniamus.
1210 2276 1213 2281 ,

263 2322 359 2395 Dicit
400 2324 496 2395 enim
522 2322 752 2396 Weisweiler
788 2323 1023 2421 principalem
1057 2321 1198 2394 futurae
1230 2321 1381 2393 actionis

215 2438 513 2535 significationem
547 2439 583 2510 in
620 2439 836 2537 quibusdam
868 2438 956 2511 locis
988 2438 1204 2535 scriptorum
1235 2461 1382 2509 reman-

215 2553 317 2625 sisse.
337 2554 408 2627 Sed
423 2581 462 2626 ea
485 2580 576 2653 quae
596 2555 698 2627 allert
717 2553 882 2651 exempla
902 2579 972 2626 non
996 2555 1032 2626 id
1051 2553 1148 2652 quod
1168 2551 1246 2625 uult
1263 2552 1381 2650 signi-

213 2669 332 2741 licant.

243 2832 246 2837 .
264 2802 356 2875 Nam
381 2804 424 2876 de
449 2804 527 2877 loco
551 2803 644 2876 Tulli
658 2803 672 2846 ⁴
687 2829 793 2903 quern
818 2803 867 2876 ita
887 2803 1033 2879 laudat:
1060 2804 1321 2901 «Respectans
1343 2801 1379 2872 in

216 2943 257 2989 ea
290 2919 450 3016 prolecto
480 2921 557 2993 loca
583 2920 763 3009 discessit,
792 2945 864 3018 quo
896 2920 983 2991 mihi
1013 2920 1083 3016 ipsi
1113 2919 1281 2992 cernebat
1308 2943 1383 2989 esse

216 3033 447 3125 ueniendum,
478 3063 496 3108 n
528 3035 610 3133 quis
635 3035 685 3105 illi
715 3035 928 3108 assentiatur
953 3034 1182 3107 contendenti
1210 3046 1381 3105 nontam

217 3149 385 3221 ueniendi
415 3151 664 3223 necessitatem
695 3151 753 3222 hic
784 3151 938 3253 exprimi
975 3175 1082 3249 quarn
1112 3175 1213 3247 spem
1241 3148 1382 3220 futurae

217 3265 488 3339 conuentionis?
503 3266 620 3358 Quam
640 3267 844 3363 significare
868 3267 899 3338 si
921 3266 1034 3339 uoluit
1061 3265 1199 3337 Tullius
1224 3290 1287 3337 cur
1308 3289 1382 3336 non

218 3381 335 3453 actiuo
356 3381 467 3453 uerbo
496 3385 567 3475 (me
593 3407 669 3454 esse
698 3388 904 3477 uenturum)
936 3382 1033 3478 quod
1052 3380 1280 3477 aptissimum
1300 3378 1381 3469 fuit,

218 3522 305 3568 usus
327 3497 409 3569 est‘?
427 3540 474 3550 —
498 3499 552 3569 De
568 3497 646 3570 aliis
661 3498 748 3570 locis
768 3524 858 3597 quos
879 3498 981 3570 affert
1001 3497 1129 3569 similis
1146 3496 1236 3569 ratio
1256 3509 1322 3582 est,
1346 3508 1385 3567 ut

218 3625 300 3684 ante
320 3612 477 3685 uidimus
492 3616 544 3711 (p.
569 3616 643 3709 28),
662 3628 696 3685 et
711 3628 858 3685 monent
873 3613 1070 3685 doctissimi
1084 3611 1164 3684 uiri.
1183 3611 1276 3683 Nam
1291 3609 1383 3682 male

218 3727 339 3800 uerbis
354 3729 394 3800 T.
418 3729 499 3800 Liui
514 3731 699 3801 xxr.22.8:
720 3755 739 3799 n
754 3729 845 3800 inter
863 3727 1004 3800 labores
1023 3742 1085 3800 aut
1101 3729 1173 3799 iam
1188 3727 1383 3799 exhaustos

220 3858 371 3915 autmox
381 3845 672 3917 exhauriendos»
682 3844 841 3916 actiuum
858 3842 992 3940 aliquid
1002 3843 1197 3940 significari
1214 3855 1253 3914 ut
1263 3868 1281 3911 r<
1291 3841 1384 3913 inter

219 3958 360 4031 labores
387 3985 478 4058 quos
509 3960 747 4032 exhauserant
772 3959 937 4056 (-issent)
965 3972 1025 4030 aut
1049 3957 1257 4030 exhausturi
1285 3972 1384 4029 erant

222 4077 368 4168 (essent)
393 4102 412 4146 n
439 4074 646 4148 arbitratur.
683 4074 796 4147 Multo
832 4073 961 4147 melius
989 4075 1119 4147 docent
1141 4073 1320 4146 Riemann
1350 4087 1385 4146 et

254 4411 277 4459 l.
298 4410 472 4466 Qurnrnmu,
488 4408 548 4458 x.l.

252 4490 278 4539 2.
300 4489 390 4551 Linp.
411 4487 476 4539 Lat.
495 4500 557 4538 v1n.
579 4489 619 4538 58.

253 4573 276 4621 3.
296 4569 350 4619 Sed
362 4581 450 4632 neque
463 4568 629 4631 praesentis
640 4566 838 4631 participium
851 4579 911 4616 esse
928 4569 1076 4618 aVarrone
1091 4567 1147 4616 dici
1164 4565 1187 4614 si
1199 4565 1261 4628 quis
1272 4564 1387 4625 obiciat,

224 4659 285 4695 eum
299 4644 455 4695 admonebo
473 4644 512 4693 ita
528 4645 680 4695 Varronem
697 4643 801 4692 dixisse
814 4643 886 4706 quod
901 4644 1075 4692 nominatiuo
1093 4653 1289 4697 coenantem,
1308 4653 1389 4691 ama·

225 4724 322 4779 torus,
334 4723 452 4771 amatus
471 4720 635 4783 protulerat,
652 4732 707 4782 quo
726 4732 794 4769 casu
805 4718 954 4769 amandus
965 4718 1142 4782 participium
1154 4717 1319 4779 praesentis
1333 4729 1388 4765 non

224 4801 275 4855 est,
289 4796 339 4846 sed
353 4795 548 4847 necessitatis.

254 4877 279 4927 4.
300 4876 364 4929 Cat.
384 4875 460 4928 Mai.
474 4876 517 4927 74.
