3330 5574
569 561 614 606 nn
639 536 838 608 ennunmvi'
855 562 987 608 arunas
1327 555 1359 614 11

190 791 314 889 lingua
330 805 447 890 potest
462 792 715 881 animaduerti,
731 792 767 863 in
790 819 861 890 qua
882 793 1091 882 uoluendus,
1108 794 1234 866 eodem
1255 820 1363 866 sensu

191 933 262 1004 quo
287 908 432 980 uoluens
458 895 504 1005 (==¹
514 908 660 980 uoluens
680 909 734 1000 se)
764 923 972 1005 usurpatur,
994 923 1033 980 ut
1052 909 1090 981 lit
1110 909 1207 1005 apud
1229 910 1364 1006 Vergi-

192 1021 306 1094 lium:
334 1023 556 1096 uoluentibus
575 1022 681 1095 annis
704 1024 796 1095 AEu.
820 1051 842 1094 1.
867 1024 952 1115 234,
980 1024 1163 1097 uoluendis
1186 1024 1364 1097 mensibus

191 1139 304 1234 taliq,
336 1137 514 1211 uoluendu
549 1137 623 1211 dies
658 1166 748 1234 rx.7.
771 1140 858 1210 ¹lam
895 1164 981 1210 uero
1010 1140 1108 1236 quod
1143 1139 1189 1212 ad
1216 1140 1364 1212 uoluen-

191 1251 258 1324 οἷον
292 1253 443 1342 attinet,
482 1278 564 1325 cum
598 1279 639 1326 ea
671 1253 788 1351 figura
821 1254 867 1327 ad
899 1278 1029 1326 aeuum
1063 1255 1361 1350 exprimendum,

107 1351 122 1357 Ἤ
192 1379 318 1462 poetae
338 1367 455 1439 Latini
475 1381 537 1441 aut
559 1382 698 1440 ueteres
720 1381 782 1440 aut
801 1382 961 1441 ueterum
983 1368 1181 1441 imitatores
1198 1382 1361 1459 utuntur,

192 1482 391 1554 Homerum
424 1483 594 1573 maxime,
624 1498 663 1556 ut
688 1484 832 1556 Dosson
859 1483 1046 1574 intellexit,
1079 1484 1206 1556 sectari
1235 1485 1364 1557 uiden-

192 1609 263 1668 tur.
296 1597 390 1669 Nam
427 1599 619 1670 Homerica
652 1600 926 1696 (περιτελλομένων
961 1606 1108 1670 ἐνιαυτῶν
1139 1599 1183 1671 ll.
1213 1626 1248 1671 11.
1277 1601 1362 1672 551.

192 1723 416 1810 περιπλομένου
436 1720 576 1785 ἐνιαυτοῦ
601 1713 669 1785 Od.
694 1740 716 1785 Ι.
746 1715 800 1785 lli.
825 1741 873 1784 XI.
897 1715 979 1807 248)
1009 1713 1069 1785 illa
1101 1714 1310 1786 Lucretiana
1330 1728 1365 1786 el

191 1827 400 1923 Vergiliana
420 1828 613 1924 (uoluenda
637 1841 738 1900 aetas
763 1829 812 1900 N.
835 1830 882 1900 R.
900 1855 936 1901 v.
964 1831 1068 1927 1274,
1093 1829 1271 1902 uoluendu
1289 1829 1365 1901 dies

192 1944 283 2015 AEn.
316 1945 396 2039 qt,
423 1941 609 2015 uoluendis
635 1943 813 2016 mensibus
841 1945 932 2016 AEn.
962 1971 985 2015 1.
1020 1945 1107 2041 269)
1136 1945 1180 2017 ad
1214 1945 1363 2017 uerbum

190 2057 361 2130 referunt.
389 2060 437 2159 At
466 2058 503 2128 in
532 2058 588 2130 his
612 2057 700 2130 loeis
725 2058 835 2130 uerba
867 2059 1003 2132 Graeca
1031 2060 1148 2132 media
1174 2084 1253 2132 esse
1281 2085 1363 2133 cum

196 2199 301 2246 nemo
321 2199 394 2246 non
413 2173 580 2264 fateatur,
602 2173 729 2245 Latina
748 2174 830 2272 quis
848 2174 924 2264 iure
944 2176 1074 2271 neget?

251 2307 295 2379 Et
312 2305 401 2379 illud
421 2306 457 2376 in
477 2307 651 2379 rationem
673 2305 924 2379 adducendum
943 2320 998 2379 est
1018 2307 1115 2405 quod
1134 2306 1171 2377 in
1190 2306 1368 2380 eiusmodi

200 2421 287 2493 loeis
319 2421 438 2494 Latini
468 2435 595 2518 poetae
614 2422 760 2493 uoluens
793 2446 875 2493 oum
909 2435 1062 2495 metrum
1099 2422 1228 2518 poscit,
1265 2448 1368 2495 secus

198 2535 405 2625 uoluendus,
450 2562 593 2633 semper
629 2536 829 2609 adhibent:
868 2563 953 2610 nam
983 2537 1185 2634 Vergilius,
1225 2537 1260 2607 in
1295 2537 1366 2610 fine

196 2651 300 2723 metri
316 2651 496 2724 uoluentt'a
507 2652 693 2749 plaustra,
717 2652 941 2725 uoluentt'bus
960 2652 1067 2724 annis
1086 2652 1182 2724 dicit.
1197 2655 1251 2725 At
1267 2653 1367 2724 salua

136 2822 140 2829 -
196 2768 334 2840 ratione
354 2766 501 2840 metrica
521 2791 603 2838 cum
625 2780 748 2864 posset
761 2767 948 2839 Lucretius
971 2767 1185 2839 «uoluens»
1209 2766 1367 2839 inserere

198 2881 667 2978 mmmmmm:

256 3050 307 3111 Sic
321 3049 452 3111 uolenda
464 3059 546 3110 aetas
561 3058 729 3110 commutat
738 3059 874 3132 tempora
889 3071 992 3110 rerum
1006 3050 1059 3131 (N.
1074 3051 1113 3112 R.
1130 3074 1159 3124 ν,
1185 3052 1285 3130 12tll·

248 3201 360 3300 Igitur
395 3201 547 3274 testibus
579 3197 736 3273 Romani
773 3201 942 3274 carminis
974 3203 1132 3301 antiquis
1172 3203 1368 3275 uoluendus

196 3316 312 3389 forma
336 3316 454 3389 media
474 3317 628 3389 uidetur.

246 3433 321 3503 lam
340 3431 517 3505 oriundus
548 3431 710 3528 plerique
737 3430 934 3528 etymologi
958 3433 1003 3504 ad
1035 3433 1185 3505 eandem
1218 3434 1367 3531 stirpem

198 3546 370 3636 relerunt,
393 3546 487 3618 unde
517 3557 622 3643 ὅρνυμι
649 3559 816 3643 repetunt
848 3573 855 3617 :
892 3561 986 3619 certe
1016 3549 1112 3644 quod
1145 3549 1189 3620 ad
1222 3574 1368 3620 sensum

197 3661 365 3758 pertinet,
383 3687 455 3733 non
474 3662 520 3733 ad
536 3662 621 3758 ὁρνυς
639 3662 702 3734 sed
721 3661 766 3733 ad
787 3662 947 3757 ὀρνύμενος
962 3660 1188 3734 referendum
1212 3663 1364 3735 uidetur.

248 3793 412 3891 Denique
446 3793 620 3866 secundus
653 3793 810 3865 maxime
847 3793 930 3866 huic
963 3794 1159 3866 sententiae
1188 3794 1303 3884 lauet,
1334 3809 1369 3867 et

198 3909 388 3981 nobiscum
403 3907 500 3979 lacit.
522 3907 637 3981 Testis
666 3908 763 3980 enim
789 3922 844 3979 est
871 3908 963 3980 inter
982 3933 1108 3981 omnes
1128 3910 1309 4006 egregius,
1335 3924 1369 3981 et

199 4023 296 4121 quod
328 4022 588 4120 antiquissimis
622 4022 866 4095 monumentis
890 4037 1052 4121 apparet,
1084 4039 1119 4097 et
1153 4025 1250 4121 quod
1279 4049 1369 4122 quas

199 4137 427 4234 significandi
463 4137 557 4209 uices
583 4137 750 4210 habuerit
783 4138 869 4210 satis
897 4152 1022 4211 notum
1056 4153 1122 4216 est.
1153 4139 1369 4235 Exemplum

200 4251 299 4323 uocis
311 4250 617 4349 eteqibusreqtis
627 4252 778 4349 petitum
794 4251 865 4323 iarn
882 4267 963 4325 ante
974 4254 1190 4350 protulimus
1200 4253 1369 4350 (secunda

200 4365 335 4464 spolia)
358 4365 490 4464 quibus
509 4366 577 4438 hoc
597 4367 691 4438 Enni
714 4367 845 4439 addam
868 4394 876 4438 ε

400 4544 433 4606 Si
449 4556 477 4606 te
499 4545 640 4619 secundo
663 4546 779 4607 lumine
799 4547 848 4607 hic
866 4546 1029 4624 offendero,

400 4642 539 4706 Moriere.
563 4643 655 4719 (Enn.
675 4643 762 4707 Med.
787 4643 901 4726 fragm.
925 4666 966 4717 xi,
983 4666 1012 4704 ν.
1031 4645 1188 4725 mli-275).

251 4801 322 4874 Sed
340 4801 515 4876 secundus
530 4802 668 4891 actiuae
682 4828 760 4876 esse
780 4803 1054 4903 significationis
1073 4828 1198 4878 omnes
1217 4827 1371 4876 consen·
