3330 5574
749 586 913 635 arnonus
1355 582 1409 644 ·59

245 696 506 709 ——-—

293 816 370 888 Hoc
390 841 455 913 pro
475 813 576 888 uario
596 841 664 887 usu
686 814 803 887 uarias
821 813 986 887 fortunae
1009 813 1106 886 uices
1130 827 1320 911 expertum
1338 827 1405 887 est.

246 932 338 1004 Nam
359 956 445 1003 cum¹
461 930 623 1003 subiecto
643 931 801 1028 positum
823 930 909 1029 quid
932 930 1045 1019 fieret,
1067 943 1129 1003 aut
1150 930 1284 1003 nudam
1308 929 1410 1003 uerbi

246 1046 546 1144 significationem
575 1046 772 1145 (sequendo
801 1047 862 1119 uia
877 1045 1084 1145 peruent'es)
1112 1046 1306 1143 expressit3
1333 1046 1409 1119 sine

246 1163 405 1236 subiecto
425 1188 488 1235 seu
514 1162 799 1260 impersonaliter
828 1161 1027 1235 adhibitum
1048 1161 1153 1255 (inter
1174 1161 1407 1260 sequendum)

244 1278 462 1376 perunctione
496 1278 628 1351 factum
656 1293 721 1351 est.
755 1279 896 1369 Postea,
929 1303 1011 1350 cum
1040 1267 1141 1351 esset‘
1160 1277 1196 1347 in
1224 1277 1409 1350 sententiis

239 1394 470 1494 propositum
507 1393 792 1492 exprimentibus
834 1407 1045 1491 usurpatum
1084 1393 1291 1491 (sequendo
1314 1393 1413 1466 hosti

245 1509 482 1608 despectus),
517 1509 689 1608 paulatim
723 1509 943 1582 necessitatis
983 1509 1177 1607 assumpsit
1199 1508 1407 1582 notionem:

245 1626 426 1724 sequenda
460 1626 521 1699 uio
553 1638 617 1716 est,
642 1624 860 1724 sequendum
887 1637 950 1697 est.
984 1626 1036 1696 Ex
1066 1625 1134 1697 hoo
1168 1650 1247 1715 usu,
1279 1639 1313 1697 et
1340 1625 1410 1698 alio

246 1741 378 1839 pariter
416 1742 561 1840 pessino
600 1734 807 1834 (occidendo
840 1739 982 1813 homine
1008 1781 1051 1822 ε,
1074 1766 1139 1838 par
1175 1740 1207 1812 le
1253 1754 1410 1813 meurtre

246 1858 332 1930 d’un
365 1857 526 1954 homme)
566 1856 800 1955 multiplicata
839 1856 984 1954 passiua
1011 1855 1226 1953 significatio
1257 1856 1411 1929 actiuam

158 1982 166 1997 '
247 1973 411 2046 exclusit.
434 1973 598 2072 Denique
622 1973 708 2045 dum
733 1972 805 2046 iam
821 1971 995 2071 perfertis
1026 1997 1123 2070 quoe
1147 1970 1244 2071 steri
1272 1984 1411 2069 oportet

249 2089 399 2186 opponit
418 2090 527 2186 (quoe
544 2101 684 2162 secutus
702 2114 780 2160 sum
809 2100 844 2160 et
866 2113 962 2185 qnae
986 2085 1167 2184 sequendo
1187 2085 1276 2159 rnt'hi
1297 2094 1433 2177 sunt),'

219 2230 224 2238 ·
248 2218 283 2277 et
288 2205 463 2302 saturum
485 2205 686 2302 exprimere
707 2230 833 2302 parum
854 2203 996 2276 attentis
1011 2203 1166 2292 uidetur,
1185 2201 1412 2299 exprimendi

239 2318 370 2418 futuri
396 2334 515 2417 partes
544 2320 715 2418 paulatim
735 2319 925 2417 suscepit'

299 2436 373 2508 Has
400 2460 526 2508 omnes
550 2436 714 2508 fortunae
743 2435 839 2508 uices
867 2460 939 2533 quo
962 2434 1086 2507 ordine
1105 2433 1220 2506 forma
1244 2434 1281 2504 in
1299 2432 1411 2505 -ndus

250 2551 416 2624 desinens
452 2565 599 2650 experta
626 2552 694 2643 sit,
729 2565 765 2631 et
794 2565 916 2624 noster
952 2550 1094 2623 libellus
1125 2563 1286 2640 enarret,
1325 2532 1418 2622 haee

249 2666 441 2764 descriptio
462 2680 730 2764 repraesentat:

247 2844 278 2894 A.
289 2843 389 2908 *Sequ0‚
403 2844 562 2894 transitiuum
577 2867 605 2885 ==
616 2846 668 2895 ἕπω
680 2865 702 2895 τι
836 2844 874 2892 Α’.
884 2844 987 2906 Sequor,
1000 2844 1085 2892 ressex.
1096 2865 1125 2883 ·=
1138 2843 1231 2906 ἕπομαί
1242 2861 1288 2892 τινι

297 2914 434 2997 Sequeils
446 2949 474 2965 =
489 2925 555 2975 ’ἐπων
569 2945 592 2975 τι
885 2913 1043 2975 Secundus
1055 2944 1084 2962 =·
1099 2925 1218 2985 ἑπόμενός
1232 2941 1279 2972 τινι

540 3081 541 3086 ¹
596 3024 628 3070 B.
649 3022 751 3085 Sequor,
771 3020 941 3071 transitiuum.

631 3101 822 3183 SequendUS,
846 3111 985 3175 passiuum,

430 3339 460 3356 ει
475 3315 536 3363 dum
545 3315 592 3362 iter
602 3321 698 3362 tenetur
923 3336 951 3352 ==
980 3313 1012 3361 ad
1034 3312 1116 3359 hostis
1142 3312 1273 3374 (pertsecu-

372 3385 730 3449 a'2intersequendum(abso-
981 3384 1074 3431 tionem
1111 3382 1272 3446 designem,

464 3458 533 3519 lute),
554 3457 619 3505 unde
982 3455 1048 3503 unde

429 3554 654 3637 Sequendi,-do‚
673 3568 729 3631 ger.
927 3553 1353 3634 SequenduS,parenecessitatis.

1082 3658 1154 3692 culus

808 3739 1391 3768 w

805 3788 872 3835 Usus
888 3799 921 3834 a:
940 3785 1065 3848 sequenda
1077 3786 1118 3835 uia
1165 3787 1231 3833 Usus
1248 3784 1281 3832 b:
1299 3798 1362 3846 quae
1378 3796 1415 3830 se-

964 3864 1009 3918 est,
1186 3862 1259 3904 cutus
1281 3855 1331 3902 iam
1359 3868 1414 3901 sum

883 3939 929 3985 a':
948 3935 1119 3999 sequendum
1189 3942 1213 3983 et
1223 3933 1415 3998 quaesoquenda

972 4014 1011 4056 est
1192 4005 1253 4053 mihi
1275 4012 1340 4066 sunt,

1255 4075 1320 4125 unde

1161 4154 1412 4184 w

1165 4200 1414 4282 Sequenduspart.

1192 4289 1277 4338 futuri.

1195 4360 1246 4424 (qui
1260 4375 1317 4409 sera
1329 4359 1414 4422 snivi).

301 4517 399 4589 Haec
426 4515 679 4612 descriptio'et
699 4540 806 4614 quam
833 4526 1074 4612 repraesentat
1101 4513 1263 4587 doctrina
1290 4512 1416 4585 suadet

253 4645 305 4723 ut,
331 4633 427 4730 quod
461 4631 505 4704 ad
536 4630 843 4730 st'pnistcotionem
872 4643 982 4727 utque
1012 4656 1113 4702 usum
1145 4628 1282 4718 attinet,
1313 4627 1415 4701 initio
1524 4702 1625 4733 υ.

255 4746 349 4820 idem
372 4748 482 4820 fuisse
508 4745 725 4819 arbitremur
751 4745 993 4843 gerundiuum
1015 4745 1051 4816 in
1077 4745 1204 4816 Latino
1234 4769 1434 4851 sermone„¹
1574 4720 1600 4781 '⁸

251 4863 350 4961 quod
370 4863 437 4936 fuit
454 4862 490 4934 in
514 4863 651 4934 Graeco
671 4862 900 4960 participium
914 4849 1249 4959 mediosspassiuum.
1392 4860 1402 4878 ⁹
1432 4849 1441 4867 ’
