3330 5574
395 587 440 632 DE
465 585 614 634 Paterna
639 587 793 635 sicutrtcl
800 587 906 634 tronto.
927 585 1185 635 PROPAGATIONE
1334 581 1370 642 51

209 814 330 888 natiuo
352 840 434 887 casu
458 813 611 913 proferri
631 814 773 888 debent.
797 816 902 907 Quod
925 815 1053 889 melius
1073 816 1320 915 perspicietur,
1343 817 1373 889 si

209 931 289 1029 quis
307 931 352 1004 ad
371 932 470 1004 locos
488 931 525 1002 iu
545 931 676 1029 quibus
696 946 889 1004 occurrunt
905 933 1108 1005 attenderit.

248 1111 482 1175 Floreseendis.
499 1149 539 1159 —
552 1114 641 1174 Flora
656 1135 734 1195 quae
748 1113 839 1174 rebus
845 1113 1064 1196 florescendis
1079 1124 1197 1197 praeest
1213 1114 1259 1196 (ln
1275 1115 1373 1176 Fastis

209 1211 335 1283 Praen,
348 1211 382 1272 C.
400 1212 423 1272 l.
440 1214 478 1273 L.
498 1233 522 1274 1.
543 1234 562 1294 p
598 1211 682 1291 317.)

246 1308 446 1370 Nascendos.
466 1347 506 1354 —
518 1310 565 1370 Ad
581 1309 719 1370 homines
734 1332 854 1391 quoque
869 1310 1048 1372 nascendos
1072 1310 1133 1370 uim
1149 1309 1270 1370 numeri
1284 1309 1373 1371 istius

208 1405 322 1488 porrigi
337 1407 546 1488 pertinereque
564 1407 606 1468 ait
622 1408 763 1484 (Varro).
784 1409 868 1488 (Aul.
887 1410 928 1470 G.
954 1409 995 1468 Ν.
1012 1413 1051 1469 Α.
1069 1430 1110 1468 111.
1132 1419 1232 1487 ron.)

247 1503 478 1567 Renascendis.
494 1543 534 1550 -
548 1505 737 1567 Genethliaci
752 1506 878 1587 quidam
891 1507 1113 1589 scripserunt...
1136 1528 1200 1566 esse
1215 1505 1252 1565 in·
1262 1526 1373 1566 renus·

207 1601 317 1664 cendia
330 1602 518 1680 hominibus
530 1626 624 1685 quam
637 1604 792 1686 appellant
801 1609 1037 1696 παλιγγενεσίαν
1049 1605 1165 1667 Graeci.
1180 1604 1278 1682 (Varr.
1290 1604 1372 1686 apud

208 1700 288 1780 Aug.
305 1701 353 1761 De
377 1701 447 1763 Ciu.
464 1701 527 1763 Dei
542 1704 657 1781 22.28.)

246 1798 478 1880 Nautpandae.
492 1838 532 1845 —
541 1802 660 1862 Nautae
669 1803 862 1884 appellantur
872 1822 977 1862 omnes
989 1802 1042 1882 qui
1057 1800 1146 1861 nauis
1158 1799 1371 1880 nauipandae

207 1916 298 1957 causa
315 1897 346 1956 iu
362 1899 435 1958 naui
450 1908 531 1960 suut.
543 1898 636 1981 ·(Ulp.
653 1900 732 1979 Dip.
750 1923 788 1961 1v.
808 1903 883 1980 9.1.)

246 1994 532 2060 Senescendorum.
548 2035 588 2042 —
609 1998 730 2058 Seclum
745 1999 879 2080 spatium
899 2019 1050 2059 annorum
1067 2008 1188 2057 centum
1209 2006 1368 2069 uocarunt,
1409 2053 1413 2060 .

208 2092 288 2172 quod
312 2094 528 2174 longissimum
547 2095 680 2177 spatium
697 2096 965 2158 senescendorum
986 2095 1145 2156 hominurn
1172 2094 1202 2154 id
1225 2104 1372 2176 putarunt

208 2191 309 2269 (Varr.
328 2192 425 2272 Linq.
442 2193 479 2255 L.
496 2215 535 2252 vn
554 2196 612 2270 ιι.)

251 2289 536 2354 Tabescendorum.
553 2328 593 2335 -
607 2290 734 2372 Copiam
748 2291 1013 2354 tabescendorum
1029 2290 1201 2353 hominum.
1211 2291 1306 2372 (Lact.
1323 2291 1371 2351 De

207 2397 300 2450 mort.
314 2409 402 2470 pers.
419 2390 514 2470 33.9.)

255 2550 387 2623 Omnia
405 2550 493 2623 haec
510 2553 724 2649 geruudiua,
751 2553 781 2624 si
809 2551 1040 2649 nour'pcndue
1063 2549 1235 2647 excipiaS,
1258 2550 1303 2622 ad
1329 2576 1370 2622 ea

188 2665 317 2767 (uerba
338 2666 519 2764 pertinent
545 2695 636 2766 quae
656 2668 692 2743 id
716 2668 921 2765 exprimant
945 2666 1047 2764 quod
1066 2665 1134 2764 qui
1149 2665 1250 2763 facit
1278 2665 1370 2739 idem

200 2780 360 2879 patitur,
375 2783 527 2880 ideoque
542 2784 587 2857 ad
606 2784 717 2857 uerba
730 2783 902 2856 rellexiua
919 2808 982 2855 seu
1003 2782 1119 2854 media
1143 2796 1177 2854 et
1197 2796 1269 2853 tarn
1285 2807 1371 2879 pas-

207 2897 284 2969 siua
313 2923 421 2994 quam
454 2899 570 2972 actiua
597 2901 783 2972 accedunt.
820 2901 894 2971 lam
922 2922 1007 2970 uero
1036 2923 1159 2969 eorum
1185 2923 1271 2969 usus
1297 2922 1369 2969 uon

207 3012 301 3086 idem
325 3027 379 3085 est
401 3028 508 3112 atque
534 3015 672 3087 actiuus
691 3016 750 3087 ille
769 3029 804 3088 et
826 3013 1058 3088 attributiuus
1086 3013 1370 3110 gerundiuorum

207 3129 397 3221 labunduS,
418 3131 605 3222 oriundus,
627 3145 693 3203 cet.
717 3131 841 3229 Neque
860 3130 956 3203 enim
974 3129 1099 3201 eodem
1115 3154 1223 3200 sensu
1242 3128 1370 3200 dieitur

207 3245 305 3317 unda
332 3245 504 3336 lubunda,
536 3247 654 3344 spolio
683 3246 853 3334 secundo,
887 3259 921 3316 et
943 3244 1106 3343 floribus
1130 3243 1370 3342 florescendr's

202 3373 363 3457 praeest,
391 3361 443 3434 ud
465 3362 624 3434 homines
644 3361 852 3433 nascendos.
881 3361 974 3432 Nam
996 3360 1054 3432 hic
1080 3360 1255 3456 posterior
1283 3384 1370 3430 usus

205 3477 300 3549 idern
336 3503 413 3549 esse
453 3478 594 3550 uidetur
635 3491 741 3575 atque
784 3477 842 3549 ille
875 3477 918 3549 de
953 3501 1024 3574 quo
1064 3500 1172 3572 supra
1212 3474 1369 3546 diximus

207 3595 259 3689 (p.
282 3593 358 3690 47),
380 3619 451 3691 quo
479 3594 524 3666 ad
556 3594 764 3690 ponendum
790 3593 826 3664 in
846 3583 1038 3689 conspectu
1065 3590 1175 3662 animi
1203 3604 1369 3662 non-tam

207 3723 374 3806 agentem
397 3704 552 3807 aliquem
575 3735 683 3807 quam
703 3710 819 3806 ipsam
843 3708 945 3780 uerbi
972 3709 1161 3794 actionem,
1185 3705 1370 3803 passiuurn

206 3823 449 3923 gerundiuum
467 3824 667 3897 adhibetur.
686 3825 784 3897 ldem
800 3824 896 3896 enim
917 3838 983 3912 est,
1002 3824 1096 3921 quod
1118 3823 1161 3894 ad
1177 3821 1370 3919 gerundiui

209 3966 314 4012 usum
334 3941 473 4030 attinet,
505 3939 658 4013 hominis
682 3939 866 4013 occidendi
883 3965 1008 4030 causo,
1043 3952 1077 4011 et
1103 3938 1209 4009 rebus
1230 3936 1372 4035 stores-

207 4055 327 4128 cendis
344 4068 515 4154 praeest:
549 4070 741 4153 utrumque
770 4054 913 4126 nomine
945 4053 1161 4152 incorporali
1194 4051 1368 4149 (Gallicez

203 4197 301 4270 pour
323 4172 354 4243 le
377 4184 537 4244 meurtre
557 4171 642 4243 d’un
662 4171 812 4257 homme,
841 4175 864 4242 d
889 4171 925 4242 lu
939 4170 1127 4268 ssorur'son
1150 4168 1211 4241 des
1235 4167 1371 4260 choses)

207 4287 308 4360 reddi
328 4300 457 4384 potest.
480 4287 547 4359 Hic
565 4300 684 4359 autem
703 4312 790 4358 usus
808 4285 1001 4383 gerundiui
1021 4299 1074 4357 est
1092 4283 1208 4380 magis
1236 4280 1372 4380 passiui

209 4427 315 4501 quam
335 4401 456 4492 actiui,
477 4416 512 4475 et
537 4428 619 4475 cum
642 4428 766 4475 eorum
791 4401 997 4489 uerborum,
1028 4426 1119 4498 quae
1140 4398 1370 4496 protulimuS,

209 4543 316 4589 seusu
342 4533 415 4590 tam
444 4518 590 4616 passiuo
617 4544 724 4615 quam
754 4517 871 4589 actiuo
899 4516 1056 4587 maxime
1080 4513 1272 4611 congruit:
1301 4537 1372 4610 quo

109 4632 126 4672 '³
211 4632 342 4705 factum
358 4649 462 4706 estut
478 4634 514 4704 in
530 4659 571 4706 -ο
588 4632 787 4706 desinentia
806 4630 1035 4729 participium
1051 4644 1170 4702 tamen
1186 4629 1223 4699 in
1237 4630 1373 4699 -endus

211 4747 339 4821 habere
362 4764 519 4847 possent.

258 4864 328 4938 Sed
364 4891 480 4964 neque
515 4865 573 4937 liic
610 4864 801 4964 gerundiui
835 4863 1010 4963 posterior
1047 4887 1133 4934 usus
1175 4859 1288 4931 multa
1318 4858 1374 4931 sui
