3330 5574
314 451 353 508 40
597 454 642 498 DE
668 451 857 498 GERUNDIVI
885 451 948 498 USU
977 450 1190 498 RECENTIORE

364 681 568 751 Remanent
596 672 669 750 tres
688 703 814 749 uersus
834 675 895 773 (nri
926 704 981 766 11,
1008 703 1062 765 12,
1091 676 1162 771 13),
1184 676 1246 747 ubi
1265 675 1486 773 gerundium

316 822 397 868 cum
433 820 504 865 non
539 807 684 891 propter
717 793 861 864 easdem
897 818 1024 865 causas
1048 792 1229 865 obiectum
1255 792 1487 864 coniunctum

314 911 456 998 habeat,
468 909 596 980 melius
610 908 760 980 fortasse
776 933 867 1004 quae
883 908 930 979 sit
944 907 1020 979 eius
1037 907 1092 979 uis
1106 921 1141 979 et
1157 933 1265 1004 quam
1280 906 1484 1003 multiplex,

314 1038 475 1123 apparet.
514 1025 605 1094 Nam
639 1023 884 1119 gerundiuum
915 1048 997 1094 cum
1035 1023 1190 1094 occurrit
1219 1048 1301 1093 cum
1339 1021 1487 1124 nomine

316 1141 562 1228 coniunctum,
598 1139 690 1210 inter
725 1137 815 1208 duas
847 1162 918 1226 reS,
946 1136 1098 1209 uerbum
1129 1137 1261 1209 scilicet
1284 1150 1319 1209 et
1337 1161 1485 1224 nomen,

315 1255 457 1327 animus
481 1253 584 1351 quasi
613 1252 851 1325 distrahitur:
886 1267 923 1325 at
951 1251 1168 1350 gerundium
1197 1251 1235 1323 in
1267 1277 1485 1324 seomnem

315 1370 445 1442 mentis
469 1369 582 1441 aciem
618 1368 666 1438 ita
698 1368 893 1456 conuertit,
929 1381 969 1439 ut
1001 1366 1102 1439 uerbi
1133 1366 1349 1463 significatio
1383 1365 1488 1464 quasi

315 1486 432 1583 primo
456 1485 533 1556 luce
556 1483 723 1555 emineat.
754 1483 876 1580 ltaque
899 1483 985 1554 dum
1005 1482 1135 1554 dicitur
1156 1482 1200 1553 de
1223 1481 1361 1554 ancillis
1391 1508 1409 1551 u
1423 1507 1488 1554 ene

314 1626 378 1672 nos
411 1599 590 1687 leuando,
628 1598 775 1670 eluendo
806 1615 955 1696 operum
996 1597 1171 1669 dederunt
1188 1626 1235 1684 n,
1265 1599 1348 1686 (nun
1386 1597 1487 1669 nobis

315 1714 510 1805 terrendis),
528 1712 694 1785 nonnihil
711 1713 1017 1808 ponderishabet,
1035 1727 1068 1784 et
1085 1712 1212 1784 melius
1230 1699 1380 1785 ancillae
1399 1712 1486 1809 quid

316 1844 427 1927 agant
442 1828 730 1915 commendatum
744 1853 809 1899 nec
824 1828 1003 1899 immerito
1018 1827 1177 1924 quidem,
1189 1853 1271 1899 cum
1286 1827 1323 1897 in
1339 1827 1483 1916 coloro,

316 1958 390 2016 tcta
410 1944 455 2016 sit
475 1969 566 2041 quae
589 1943 746 2039 loquitur
773 1942 915 2031 ancilla,
938 1957 977 2014 ut
1001 1942 1139 2014 ancillis
1158 1968 1267 2040 quam
1296 1941 1485 2039 multiplex

315 2059 450 2131 laboris
482 2083 599 2154 genus
631 2057 850 2153 imponatur,
881 2072 1034 2129 enarret.
1071 2059 1144 2130 lam
1172 2084 1258 2130 uero
1292 2072 1325 2129 et
1346 2057 1383 2128 in
1416 2057 1485 2129 huc

317 2200 424 2245 uersu
445 2188 477 2245 et
497 2173 534 2242 in
555 2172 719 2268 sequenti
739 2175 911 2269 (potestas
930 2171 1186 2271 (adipiscendist
1199 2173 1373 2270 plenium)
1393 2198 1486 2271 quae

316 2291 362 2361 sit
391 2288 569 2385 gerundio
602 2313 684 2358 cnm
715 2287 893 2359 infinitiuo
927 2288 1094 2377 affinitaS,
1130 2303 1164 2361 et
1191 2315 1314 2386 quare,
1348 2303 1385 2360 ut
1416 2288 1486 2378 hic,

314 2404 502 2476 transitiue
528 2402 690 2475 adhiberi
710 2402 835 2498 possit,
863 2403 1032 2474 cernitur.
1059 2403 1152 2474 Nam
1179 2430 1307 2502 parum
1337 2404 1487 2476 interest

315 2519 406 2590 inter
428 2517 586 2589 leuando
608 2542 757 2615 opernm
781 2516 900 2603 dure,
917 2519 1014 2614 quod
1028 2518 1085 2590 hic
1099 2519 1287 2608 habemus,
1306 2532 1341 2591 et
1357 2518 1487 2590 luuure

314 2658 462 2730 opernm
498 2634 658 2727 faeere,
698 2631 754 2703 uel
792 2658 933 2704 sumere
968 2635 1063 2730 quod
1104 2635 1296 2732 aliquando
1337 2635 1485 2705 Plautus

314 2748 460 2820 adhibet
484 2748 629 2837 (Pseud.
662 2748 747 2833 1141
781 2772 930 2845 operam
952 2750 1025 2846 suc
1052 2775 1250 2846 quaerere3
1281 2750 1377 2822 Men.
1413 2749 1484 2835 244

314 2889 463 2960 opernm
474 2887 660 2959 nunquam
674 2888 814 2934 aurnum
828 2865 1040 2959 quaerere);
1056 2890 1184 2961 parum
1198 2865 1315 2937 differt
1322 2877 1484 2962 potestas

313 2977 581 3076 adipiscendist,
599 3003 640 3048 ac
652 2989 816 3074 potestus
831 2989 882 3049 est
900 2976 1065 3075 adipisci,
1088 2981 1186 3076 quod
1200 2980 1270 3051 dici
1290 2979 1484 3077 aliquando

315 3092 456 3190 potuitl
484 3092 610 3188 (Verg.
638 3091 727 3163 AEn.
755 3092 865 3177 tntu
900 3093 983 3163 dum
1009 3093 1263 3192 praecipitere
1287 3107 1480 3193 potestus).

316 3208 430 3303 Igitur
441 3207 673 3303 gerundium,
690 3232 771 3279 eum
785 3232 829 3278 ex
847 3207 890 3278 iis
909 3208 1115 3280 numinibus
1132 3210 1303 3306 penderet
1317 3236 1335 3281 e
1350 3209 1483 3307 quibus

313 3322 514 3393 inlinitiuus
545 3321 725 3393 interdum
759 3322 918 3419 pendet,
948 3323 1033 3419 quid
1065 3323 1215 3416 mirum,
1249 3325 1279 3395 si
1309 3338 1483 3422 tanquam

313 3436 484 3507 infinitiui
505 3436 697 3508 declinatio
724 3436 899 3534 quaedam
927 3437 1089 3508 habitum
1112 3453 1179 3528 est,
1201 3454 1235 3510 et
1250 3439 1429 3510 obiectum
1446 3453 1484 3511 ut

314 3550 426 3639 ille2,
456 3551 660 3622 accusatiuo
700 3577 784 3623 casu
820 3551 991 3648 positum,
1021 3553 1214 3650 aliquando
1243 3554 1400 3626 habuit?
1436 3595 1479 3613 -

314 3666 420 3756 Quod
447 3679 485 3736 ut
511 3665 611 3737 fieret
637 3666 744 3736 etiam
772 3666 910 3738 aduiuit
936 3667 1026 3738 alius
1050 3668 1218 3763 gerundii
1241 3695 1341 3758 usus,
1361 3669 1423 3767 qui
1446 3669 1484 3740 in

314 3781 440 3852 ultimo
469 3805 575 3851 uersu
601 3780 905 3878 deprehenditur:
931 3806 949 3851 ((
974 3781 1154 3855 Munendo
1178 3783 1363 3873 medicum,
1396 3785 1483 3857 dum

314 3920 351 3966 se
378 3921 423 3966 ex
450 3920 557 3991 opere
582 3895 784 3992 recipiat.»
815 3896 882 3968 Hic
908 3897 1003 3967 enim
1030 3896 1206 3969 manendo
1232 3900 1383 3971 eandem
1410 3900 1484 3973 lere

315 4009 388 4080 uim
416 4009 523 4081 habet
549 4036 657 4108 quam
684 4035 847 4102 muneris,
875 4026 911 4083 et
933 4026 1031 4084 tanta
1050 4027 1117 4103 est,
1145 4013 1238 4085 inter
1264 4015 1483 4110 gerundium

314 4150 355 4196 ac
384 4124 614 4221 participium
642 4126 842 4221 praesentis
873 4127 994 4215 actiui,
1024 4153 1150 4200 sensus
1178 4128 1347 4218 affinitas
1376 4145 1415 4202 ut
1441 4155 1483 4204 ea

316 4239 417 4310 nisus
436 4239 593 4329 TacituS,
618 4240 809 4312 uariandae
829 4241 1001 4313 orationis
1021 4267 1141 4334 causa,
1161 4268 1267 4340 saepe
1291 4244 1484 4342 utrumque

315 4353 351 4422 in
367 4354 492 4426 eodem
509 4354 703 4426 uerborum
717 4355 908 4452 complexu
924 4356 1135 4430 coiunxerit.
1156 4359 1267 4456 (Ann.
1282 4361 1358 4432 n.81
1376 4361 1483 4434 modo

344 4655 367 4704 l.
388 4655 531 4711 Dnnuenn,
550 4653 631 4705 Hist.
648 4659 729 4718 synt.
751 4669 779 4714 u,
794 4671 822 4720 p.
843 4617 910 4708 361.7

342 4733 368 4784 2.
390 4735 468 4784 Hanc
485 4736 619 4784 rationem
637 4736 830 4788 Wmswnnnn
845 4738 976 4801 explieat,
996 4739 1017 4790 l.
1039 4739 1059 4790 l.
1080 4754 1110 4804 p.
1133 4741 1184 4793 102.
