3330 5574
245 467 284 527 56
534 471 792 528 DE‚GERUND1VI
813 471 883 518 USU
908 471 1122 519 REGENTIORE

296 702 341 771 D.
359 743 407 754 -
424 698 514 770 Illud
530 698 637 771 etiam
657 699 702 771 ad
725 723 807 771 eum
828 724 934 770 nsum
959 697 1235 795 propagandum
1259 695 1414 769 multum

247 815 410 905 contulit,
443 815 539 916 quod
569 814 712 887 modum
739 840 810 913 quo
842 813 952 887 futuri
980 813 1198 886 infinitiuum
1226 813 1414 910 passiuum

247 932 479 1029 exprimeret,
513 930 662 1003 Latinus
689 955 807 1002 sermo
835 928 904 1001 illis
930 928 1154 1026 temporibus
1173 928 1412 1001 desiderabat.

248 1048 340 1120 Nam
355 1046 417 1145 qui
433 1046 533 1143 prius
545 1045 661 1118 fuerat
674 1045 887 1134 infinitiuus,
899 1046 936 1116 in
949 1071 1030 1117 -um
1039 1044 1090 1116 iri
1100 1044 1280 1133 desinens,
1297 1044 1327 1115 is
1343 1043 1415 1115 iam

247 1162 386 1260 pridem
405 1175 613 1251 euanuerat‚
631 1176 692 1233 aut
708 1175 802 1233 certe
817 1161 998 1233 rarissime
1011 1159 1276 1232 adhibebatur.¹
1292 1161 1415 1257 Itaque

246 1279 318 1350 iam
335 1277 455 1350 seculo
468 1291 551 1374 post
563 1277 745 1349 Christum
757 1276 926 1366 secunde,
943 1264 1025 1348 curn
1040 1276 1136 1374 apud
1151 1275 1320 1366 Gellium,
1337 1290 1415 1347 tum

247 1395 342 1491 apud
358 1394 570 1490 interpretes
590 1393 793 1465 diuinarum
804 1392 1077 1489 scripturarum,
1096 1391 1223 1464 Graeci
1238 1390 1416 1463 sermonis

248 1509 400 1582 uerbum
430 1508 541 1581 uerbo
560 1508 763 1598 reddentem
794 1508 1036 1605 gerundiuum
1064 1507 1225 1579 futurum
1250 1520 1413 1604 apparet.

249 1624 465 1722 Exemplum
486 1623 632 1722 praehet
655 1624 772 1696 uersio
798 1624 1062 1722 antiquissima,
1089 1622 1191 1695 cuius
1218 1622 1415 1720 capitulum

247 1745 287 1836 (ιι
312 1742 424 1813 Marc.
449 1741 548 1837 puli)
577 1741 625 1812 ita
652 1739 787 1837 profert
812 1740 871 1810 S¹¹¹⁵
885 1740 1104 1838 Cyprianus,
1134 1765 1169 1836 p.
1205 1739 1335 1811 132.18
1355 1738 1412 1811 ed.

248 1857 350 1928 Hart.
385 1855 543 1927 «Potius
570 1869 624 1928 est
649 1854 694 1926 ab
720 1855 927 1927 hominibus
952 1855 1058 1927 morti
1076 1854 1178 1927 datos
1207 1866 1416 1951 exspectare

247 1997 349 2068 spem
365 1997 384 2043 a
407 1972 483 2044 Deo
498 1971 627 2044 iterum
654 1970 700 2043 ab
722 1971 802 2068 ipso
818 1970 1054 2042 suscitandos.
1073 1998 1092 2042 u
1114 1970 1181 2041 Hic
1197 1968 1416 2041 enimsuscr'-

248 2087 378 2159 tondes
397 2086 576 2160 Graecum
592 2094 819 2167 &operiemini
837 2085 957 2159 refert.
975 2086 1042 2158 Cui
1058 2084 1223 2182 exemplo
1239 2084 1307 2156 alia
1319 2085 1417 2157 addit

248 2203 394 2275 Ronsch
419 2202 530 2299 (Italo
558 2202 635 2275 und
662 2202 832 2299 Vulqoto,
862 2229 898 2300 p.
928 2203 1015 2297 433)
1035 2228 1043 2272 τ
1067 2202 1134 2273 Mt.
1171 2227 1291 2297 17.22,
1320 2199 1416 2272 filius

247 2317 405 2389 hominis
436 2317 632 2390 tradendus
669 2332 723 2390 est
750 2319 913 2415 (μέλλει...
951 2314 1190 2415 παραδίδοσθαι)
1224 2315 1261 2386 in
1287 2341 1416 2387 manus

249 2432 434 2505 hominurn
454 2459 462 2522 ;
488 2433 576 2505 Gen.
600 2434 705 2505 18.18
722 2459 849 2505 cum...
866 2432 1131 2505 benedicendae
1150 2431 1223 2503 sint
1238 2435 1417 2530 (ἐνευλογη-

248 2551 410 2642 θήσονται)
430 2547 466 2617 in
485 2546 546 2620 illo
566 2573 692 2620 omnes
715 2548 878 2620 nationes
893 2561 1022 2619 terrae.

297 2664 355 2735 Sic
370 2663 516 2735 inducto
532 2688 627 2736 nouo
645 2690 724 2753 usu,
742 2662 984 2759 gerundiliam
1003 2679 1177 2737 uocarunt
1187 2663 1415 2762 grammatici

240 2778 482 2878 participium
504 2779 635 2877 futuri
657 2777 816 2878 passini,
843 2779 940 2876 quod
968 2805 1099 2852 nomen
1134 2780 1179 2852 ad
1211 2806 1277 2852 nos
1302 2804 1415 2879 usque

249 2909 427 2992 peruenit.
1153 2923 1155 2927 ⁴

281 3219 304 3270 i.
319 3218 485 3281 Exemplum
499 3222 530 3268 ut
541 3218 664 3277 efferam,
677 3218 704 3266 in
716 3217 752 3268 Su
765 3216 895 3280 Cypriani
907 3216 1047 3280 operibus,
1061 3217 1108 3280 qui
1123 3215 1214 3267 medio
1225 3216 1307 3266 tertio
1322 3214 1416 3264 seculo

248 3294 310 3351 fuit,
327 3295 506 3358 participium
520 3295 548 3343 in
562 3307 615 3344 um
627 3294 667 3343 iri
681 3293 813 3342 desinens
826 3306 964 3355 nusquam
977 3296 1127 3356 comparet,
1141 3306 1298 3356 quanquam
1312 3291 1417 3354 saepis·
1486 3287 1492 3292 “

217 3386 224 3401 .
248 3370 317 3419 sime
335 3373 395 3420 eius
408 3369 560 3419 adhibendi
573 3369 683 3419 occasio
695 3369 785 3419 datur.
801 3369 841 3418 Gi.
856 3381 926 3431 quae
938 3368 972 3418 de
986 3382 1019 3418 ea
1029 3382 1057 3418 re
1071 3369 1185 3432 scripsi:
1200 3386 1211 3415 «
1227 3368 1266 3419 Le
1277 3367 1367 3418 Latin
1380 3366 1416 3416 de

248 3446 328 3497 seint
350 3446 490 3509 Oppriem
508 3459 538 3508 p.
560 3446 616 3496 253.
