3330 5574
246 492 285 551 32
535 500 578 544 nn
603 498 791 544 uununnrvr
818 499 884 544 usu
906 498 1145 544 nacuurronn·

246 724 329 796 huic
350 749 493 822 quoque
518 724 639 796 decori
667 724 862 814 offecisset3
898 725 1049 822 29.1o.lr
1067 738 1224 826 propter
1253 723 1414 796 crebrius

247 865 289 911 eu
318 865 413 912 anno
447 841 490 912 de
524 840 622 912 caelu
655 840 883 937 lapidatum3
925 840 999 913 Cic.
1039 839 1157 912 Acud.
1200 865 1280 911 1.1o
1319 841 1415 911 Inter

246 968 340 1028 reete
361 956 509 1053 suctum
540 969 574 1028 et
597 968 800 1053 peceatum,
830 955 989 1028 officium
1019 969 1054 1026 et
1081 968 1204 1033 contra
1239 953 1412 1042 officium,

245 1071 364 1144 media
376 1071 518 1143 locabat
532 1073 740 1169 quaedam.)
757 1072 868 1143 Cuius
882 1097 969 1143 usus
984 1071 1254 1143 similitudinem
1271 1070 1413 1156 imitati,

245 1187 352 1259 etiam
373 1187 499 1285 insecti
517 1187 745 1284 participium
767 1186 929 1259 absolute
948 1185 1200 1275 adhibuerunt,
1219 1187 1416 1283 eademque

246 1303 384 1375 ratione
398 1328 439 1375 eo
454 1302 490 1373 in
506 1303 663 1376 ablatiuo
679 1303 838 1400 primum
851 1328 950 1393 casu,
967 1328 1008 1374 ac
1023 1328 1164 1399 semper
1179 1301 1229 1373 ihi
1242 1301 1413 1390 maxime,

246 1444 302 1490 usi
323 1432 418 1491 sunt.

203 1634 207 1641 ,
294 1552 400 1645 Quod
427 1552 539 1649 igitur
565 1567 619 1625 est
637 1553 682 1625 ad
701 1552 888 1650 auspicato
906 1551 1066 1650 euspicio
1086 1553 1213 1647 (Naev.
1237 1578 1295 1651 ap.
1317 1554 1412 1625 Non.

248 1669 340 1766 75.)
360 1667 565 1740 ahsolutum
583 1667 771 1766 auspicato
786 1672 825 1762 (ε
841 1668 903 1739 ubi
922 1668 1147 1766 auspicatum
1166 1674 1229 1761 est)
1249 1669 1344 1741 idem
1363 1682 1417 1740 est

245 1783 399 1883 odsatis
410 1783 544 1881 fundis
566 1784 654 1879 (Cic.
687 1784 774 1855 Diu.
804 1784 900 1876 131)
922 1782 1126 1882 ahsolutum
1135 1784 1259 1882 sendo
1282 1783 1411 1882 (Plaut.
1435 1807 1439 1819 ‘

246 1899 379 1999 A‘mpb.
399 1900 481 1986 588,
499 1898 606 1996 Epid.
626 1900 709 1995 496,
727 1902 825 1994 cet),
842 1899 878 1970 id
891 1913 943 1970 θεῖ
953 1897 1038 1970 dunt
1054 1899 1203 1988 elicitum
1223 1899 1415 1997 quaeratio

247 2018 338 2088 inter
363 2015 439 2088 lutu
463 2014 541 2112 lepe
570 2028 605 2086 et
628 2014 833 2087 absolutum
855 2013 942 2104 luto,
966 2015 1091 2086 eadem
1115 2015 1301 2087 intercedit
1324 2015 1416 2086 inter

238 2132 559 2230 serundosructu,
577 2144 611 2202 et
626 2129 830 2202 ahsolutum
840 2130 1020 2228 ferundo,
1038 2130 1074 2200 in
1092 2131 1159 2202 hoc
1174 2130 1321 2231 Catonis
1337 2129 1414 2201 loco

249 2249 337 2343 (Ay.
363 2245 455 2318 Cult.
485 2246 589 2332 b.2):
629 2273 647 2316 u
657 2245 823 2344 serundo
841 2246 957 2318 arbor
978 2245 1171 2342 peribit»,
1198 2246 1234 2318 id
1260 2259 1313 2318 θεῖ
1329 2245 1415 2318 dum

236 2365 369 2461 fertur
398 2361 457 2453 (cl.
488 2361 575 2454 itur)
601 2362 707 2433 arhor
727 2361 869 2458 peribit.
899 2361 1019 2433 Potuit
1047 2387 1131 2433 sane
1153 2362 1223 2434 dici
1250 2388 1268 2432 «
1284 2362 1416 2458 ferens

247 2479 362 2550 arbor
370 2476 552 2575 peribit»,
567 2477 627 2549 sed
643 2476 799 2549 ablatiuo
807 2476 974 2575 ferundo
990 2476 1117 2548 melius
1135 2502 1245 2549 ceusu
1261 2477 1415 2549 indicata

245 2609 311 2683 est,
342 2619 405 2665 cur
441 2593 598 2690 peritura
624 2607 730 2665 esset.
767 2593 931 2689 Denique
959 2579 1055 2690 quod
1097 2605 1150 2664 est
1187 2594 1232 2665 ad
1271 2593 1415 2664 Terenti

245 2707 358 2804 (And.
394 2709 480 2803 685)
509 2733 560 2780 »z
592 2709 781 2779 Inuentum
807 2709 940 2780 curabo
964 2722 1070 2806 atque
1098 2707 1291 2780 adductum
1311 2721 1414 2780 tuum

247 2824 535 2922 Pamphilum»,
559 2822 647 2895 illud
672 2823 788 2894 Plauti
804 2822 953 2921 (Amph.
986 2825 1068 2916 505)
1095 2851 1102 2895 :
1136 2824 1291 2896 «Citius
1319 2824 1416 2921 quod

247 2966 317 3012 non
347 2941 459 3037 facto
488 2953 542 3010 est
574 2964 661 3011 usus
694 2938 734 3010 lit
768 2964 877 3036 quam
914 2939 1011 3037 quod
1033 2941 1144 3037 sueto
1170 2954 1224 3011 θεῖ
1255 2965 1413 3036 opus»,

246 3056 340 3127 idem
370 3069 422 3127 est
450 3056 495 3127 ad
524 3054 618 3126 Tulli
637 3055 731 3140 (Aa
761 3055 869 3135 8.5):
899 3079 918 3124 u
937 3053 1163 3126 Fusei'eulum
1185 3054 1292 3126 uelim
1313 3079 1415 3126 cures

247 3172 401 3243 adeum
430 3169 720 3268 perferendum,
761 3197 780 3241 »
818 3169 903 3242 illud
940 3170 1100 3242 eiusdem
1138 3172 1230 3258 (Aa.
1276 3171 1374 3265 143)
1404 3197 1412 3241 :

250 3286 440 3378 «Quintus
469 3286 512 3357 de
538 3285 684 3357 emendo
709 3285 795 3356 nihil
817 3300 918 3357 curat
946 3285 1013 3356 hoc
1032 3300 1193 3383 tempore
1213 3314 1246 3357 ».
1272 3285 1415 3358 Scilicet

246 3401 465 3497 gerundium
479 3401 630 3499 (sende,
641 3401 815 3498 serendo,
834 3400 994 3493 emendo)
1014 3401 1103 3472 nihil
1123 3415 1176 3472 est
1195 3401 1264 3472 nisi
1282 3427 1417 3498 gerun-

247 3516 372 3588 diuum
403 3517 480 3588 sine
509 3517 687 3608 subiect0‚
718 3543 781 3589 seu
818 3517 1124 3614 impersonaliter,
1164 3531 1203 3589 ut
1236 3502 1412 3593 dicunt-¹>

247 3646 473 3728 usurpatum.

296 3765 333 3859 b)
361 3765 431 3836 Sed
463 3763 530 3836 hoc
559 3766 666 3837 modo
697 3765 958 3862 gerundiuum,
986 3791 1058 3837 nun
1085 3780 1224 3838 tantum
1257 3766 1414 3839 ablatiuu

246 3905 345 3969 casu,
366 3880 432 3951 etsi
460 3880 616 3976 primum
636 3894 675 3951 ut
700 3881 828 3976 opinor
851 3906 893 3952 eo
913 3907 1011 3970 casu,
1033 3895 1127 3954 certe
1147 3882 1357 3979 saepissime
1375 3894 1415 3954 ut

188 3991 191 3996 ’
248 4009 480 4066 monumenta
497 4009 671 4066 testantur
688 3995 950 4092 antiquissima,
972 3996 1034 4067 sed
1051 3997 1128 4068 aliis
1144 3998 1250 4070 etiam
1271 3998 1414 4069 casibus

247 4110 452 4182 adhibetur:
471 4109 610 4181 initium
625 4109 779 4200 dicendi,
796 4111 984 4183 scribendo
994 4112 1130 4201 adesse,
1141 4112 1415 4211 interpupnun·

246 4225 344 4297 dum.
378 4226 484 4297 Caret
510 4239 630 4296 tamen
659 4226 876 4322 gerundium
908 4227 1144 4318 nominatim,
1175 4243 1281 4325 atque
1306 4228 1412 4300 etiam

279 4578 303 4628 1.
322 4578 372 4634 Qui
397 4577 507 4627 dicendi
525 4577 622 4626 modus
640 4590 736 4640 parum
754 4576 821 4624 mihi
839 4577 950 4639 placet:
968 4591 1032 4626 nam
1061 4579 1095 4628 de
1112 4592 1231 4642 persona
1256 4580 1341 4630 uerbi
1367 4583 1413 4644 agi

246 4657 348 4716 potest,
366 4653 552 4715 gerundiuum
576 4656 668 4701 autem
692 4665 753 4702 cum
778 4664 888 4702 nonten
912 4654 949 4703 sit
970 4655 1138 4704 adiectiuum
1160 4668 1293 4717 personas
1311 4656 1413 4707 trabere

247 4729 293 4791 qui
311 4729 427 4792 possit?
452 4730 519 4790 Ipsa
545 4740 611 4777 uero
640 4727 727 4777 uerba
757 4740 827 4788 quae
848 4729 1047 4791 impersonalia
1060 4730 1165 4787 dicunt,
1196 4732 1285 4794 magis
1314 4734 1413 4785 tertiae

246 4817 382 4867 personae
400 4807 476 4854 aunt.
498 4803 551 4853 Sed
566 4803 602 4853 ad
615 4804 808 4866 quaestionem
821 4803 977 4854 institutam
991 4806 1070 4868 parui
1088 4806 1183 4857 refert.
