3330 5574
378 504 422 549 DE
448 502 534 550 nass!
539 503 597 549 VAE
617 503 771 550 SIGNIFICA
779 504 880 551 TfONIS
907 504 1166 554 PROPAGATIONE
1318 502 1357 561 47

194 751 302 822 supra
328 726 548 816 monuimus,
580 754 664 800 usus
690 729 780 800 alius
800 727 1030 800 attributiuus
1057 729 1173 825 (hond
1189 729 1358 803 miranda

185 843 324 939 forto),
351 842 442 915 alius
470 844 734 940 praedicatiuus
761 844 928 942 (scyphos
959 869 1049 941 quos
1081 845 1228 918 utendos
1246 846 1357 941 dedi),

194 957 284 1029 alius
300 959 453 1056 denique
473 985 580 1056 quem
593 959 905 1057 periphrasticum
926 960 1049 1032 dicunt
1068 960 1175 1054 (liber
1191 962 1360 1058 legendus

194 1084 286 1165 cett:
317 1088 366 1165 at,
394 1074 431 1144 in
458 1075 588 1172 quouis
607 1102 688 1163 usu,
713 1075 956 1172 gerundiuum
984 1076 1052 1148 hoc
1080 1077 1225 1174 passiuo
1251 1102 1359 1150 sensu
1415 1056 1421 1069 ⁹

194 1189 356 1261 adhiberi
380 1215 486 1262 nemo
507 1217 578 1262 non
602 1190 789 1287 intellegit.
818 1190 931 1287 lgitur
954 1191 986 1263 ei
1007 1192 1179 1288 paulatim
1204 1174 1359 1266 accreuit

194 1304 230 1374 iu
254 1305 383 1377 animis
411 1306 509 1378 notio
530 1306 688 1403 passiua,
710 1307 757 1377 ita
778 1321 815 1378 ut
841 1307 917 1378 eius
941 1308 1086 1404 propria
1106 1333 1198 1398 esse,
1226 1334 1292 1381 nec
1315 1309 1360 1380 ab

195 1445 236 1490 eo
260 1422 418 1518 separari
439 1447 545 1518 posse
561 1423 754 1494 uideretur.
784 1471 785 1476 κ

244 1535 476 1628 hasteriam
492 1537 602 1609 altera
618 1562 735 1627 causa,
752 1537 846 1610 unde
861 1536 995 1610 factum
1020 1552 1072 1611 est
1094 1553 1132 1610 ut
1155 1538 1357 1637 gerundiuo

195 1652 248 1724 uis
271 1652 414 1749 passiua
436 1653 708 1725 inhaeresceret.
733 1654 829 1725 Haec
844 1667 962 1725 autem
980 1680 1048 1726 usu
1067 1655 1224 1752 quodam
1244 1654 1360 1727 Latini

194 1768 369 1840 sermonis
392 1768 538 1866 proprio
562 1769 763 1841 continetur
794 1796 802 1840 :
827 1795 936 1867 quem
959 1795 1062 1841 usum
1087 1771 1257 1842 Dosson1
1277 1796 1360 1842 oum

194 1885 237 1956 ad
280 1883 376 1956 aliud
415 1884 643 1981 probandum
681 1882 965 1981 designauisset,
1000 1886 1212 1959 Lehret0n2
1243 1887 1288 1959 ad
1324 1887 1360 1959 id

194 1999 446 2096 explicandum
463 2001 507 2072 de
526 2026 597 2098 quo
614 2001 854 2099 disputamuS,
873 2001 1058 2098 aptissime
1071 2001 1245 2075 adhibuit.
1267 2003 1360 2075 Nam

196 2116 350 2206 Dosson,
368 2141 450 2187 cum
465 2116 712 2188 admonuisset
729 2141 748 2186 r<
763 2115 931 2189 facultate
946 2117 1067 2190 auimo
1082 2117 1220 2190 infinita
1238 2118 1361 2190 conci-

195 2231 316 2327 piendi
335 2232 384 2303 ita
403 2257 523 2304 carere
542 2233 716 2329 quosdam
733 2232 886 2329 populos
908 2246 945 2304 ut
963 2233 1051 2304 nihil
1072 2233 1279 2332 intellegere
1304 2234 1360 2307 uel

197 2347 397 2443 exprimere
417 2361 577 2445 possent,
603 2348 672 2419 nisi
686 2348 784 2445 quod
802 2362 895 2420 esset
915 2349 1076 2445 personis
1087 2349 1192 2421 certis
1208 2364 1241 2422 et
1253 2349 1360 2423 rebus

194 2462 381 2534 delinitum
409 2491 444 2552 n,
479 2464 567 2535 haec
599 2462 788 2537 addidit³:
827 2489 846 2533 r<
876 2465 953 2536 Hac
985 2464 1151 2537 facultate
1173 2491 1359 2563 nunquam

195 2578 342 2649 omnino
373 2593 566 2651 caruerunt
593 2579 730 2677 Aryani
762 2578 902 2676 populi3
932 2605 1010 2652 eam
1042 2594 1161 2652 tamen
1190 2581 1359 2653 nonnisi

194 2694 357 2790 angustis
377 2694 684 2792 circumscriptam
708 2678 871 2766 terminis
896 2695 1105 2768 habuerunt.
1132 2695 1232 2786 Quae
1261 2696 1356 2769 enim

195 2809 303 2881 uerba
333 2809 501 2882 dicuntur
527 2810 724 2900 abstracta,
749 2836 830 2882 raro
856 2835 877 2882 a
905 2810 1010 2907 plebe
1036 2811 1215 2902 Romana,
1245 2825 1284 2884 ut
1314 2838 1360 2885 ex

196 2924 369 2997 Plautinis
389 2925 521 2997 fabulis
539 2925 707 3023 colligere
724 2925 820 3015 licet,
845 2926 992 3017 usitata,
1012 2926 1194 2999 Ciceronis
1213 2928 1359 3001 demum

179 3040 416 3138 temporibus
436 3040 473 3112 in
492 3041 654 3138 linguam
673 3041 821 3113 latinam
836 3042 939 3140 quasi
954 3067 1020 3139 pro
1036 3042 1152 3115 alieno
1172 3042 1249 3115 iure
1264 3041 1360 3115 irru-

194 3169 335 3252 perunt.
358 3157 503 3253 lnopiae
518 3157 569 3227 illi
591 3183 662 3255 qua
680 3157 826 3229 Latinus
843 3183 961 3229 sermo
979 3157 1177 3247 laborabat,
1195 3157 1360 3256 pluribus

192 3271 307 3344 modis
326 3298 533 3344 succurrere
553 3273 710 3344 Romani
729 3273 845 3344 conati
866 3288 993 3346 sunt...
1020 3274 1111 3346 lllud
1132 3299 1216 3347 uero
1239 3274 1359 3350 minus

193 3387 393 3483 uulgatum,
418 3388 647 3486 participium
668 3388 911 3485 gerundiuum
926 3415 1069 3487 quoque
1089 3415 1171 3462 cum
1186 3389 1358 3463 substan·

192 3501 267 3575 tiuo
282 3503 503 3600 copulatum,
522 3504 732 3599 praesertim
747 3505 776 3575 si
792 3530 812 3575 a
828 3504 1092 3601 praepositione
1105 3506 1272 3602 pendeat,
1294 3531 1359 3603 pro

193 3618 337 3690 nomine
356 3618 534 3690 abstracto
549 3618 635 3716 poni
657 3615 763 3717 posse
782 3619 832 3691 ita
849 3634 888 3692 ut
907 3620 993 3690 nihil
1007 3620 1148 3692 intersit
1163 3620 1255 3693 inter
1275 3645 1294 3690 «
1314 3621 1360 3697 ad

115 3794 119 3802 .
154 3750 157 3759 ’
193 3731 455 3806 defendendam
475 3734 636 3807 urbem»
654 3749 687 3807 et
709 3760 728 3804 r(
750 3734 794 3805 ad
814 3735 1059 3807 defensionem
1079 3735 1206 3807 urbisl
1223 3763 1257 3807 ».

242 3849 334 3920 Tum
363 3850 529 3946 exempla
555 3849 691 3946 profert
717 3849 772 3921 uir
797 3850 1061 3923 eruditissimus
1083 3850 1119 3920 in
1141 3850 1272 3948 quibus
1298 3864 1360 3923 aut

193 3965 318 4036 eadem
337 3965 511 4037 sententia
529 3991 625 4037 nunc
637 3966 855 4063 gerundiu0,
869 3991 965 4038 nunc
983 3966 1200 4063 incorporali
1213 3966 1358 4041 nomine

193 4079 419 4177 exprimitur,
448 4095 509 4184 aut
537 4081 599 4153 ubi
625 4081 661 4151 in
687 4083 813 4154 eodem
839 4082 1033 4154 uerborum
1056 4082 1247 4180 complexu
1274 4106 1356 4155 cum

194 4196 403 4269 nominibus
418 4195 606 4269 abstractis
622 4197 864 4295 gerundiuum
884 4223 966 4270 cum
986 4197 1132 4270 nomine
1151 4197 1358 4295 copulatum

193 4311 351 4408 ponitur.
375 4312 538 4403 Quorum
559 4338 671 4384 unum
690 4327 725 4385 et
739 4313 891 4385 alterum
911 4311 1043 4386 referre
1062 4313 1147 4385 satis
1165 4313 1258 4386 erit:

227 4557 250 4606 t.
267 4557 389 4613 Dosson,
406 4555 427 4606 l.
446 4555 465 4606 t.
480 4557 521 4606 57.

223 4637 249 4687 2.
270 4637 429 4692 Lunnnrmu
448 4634 469 4686 t.
492 4635 512 4685 t.
535 4634 660 4698 14[t58].

224 4719 249 4767 3.
272 4716 391 4776 Doss0u‚
407 4716 428 4766 t.
448 4715 469 4766 t.
485 4716 526 4766 57.

224 4797 249 4846 4.
271 4797 330 4846 Hoc
347 4798 484 4858 quatenus
497 4809 591 4846 uorum
606 4796 650 4852 sit,
666 4808 752 4859 supra
768 4794 936 4855 monuimus,
953 4808 984 4859 p.
1003 4795 1044 4846 21.
