3330 5574
247 477 287 537 50
529 484 574 528 ou
599 448 787 532 onnumirvl
812 485 879 531 usu
904 484 1117 533 nucnurronn
1148 534 1164 581 ·

249 712 383 810 cipium
412 738 508 804 esse,
538 712 570 785 ei
596 713 761 786 assentiri
791 739 863 786 non
897 739 1043 813 possum
1075 741 1082 786 :
1119 740 1202 785 uam
1237 714 1335 812 quod
1369 713 1415 786 ad

247 853 393 901 sensum
435 854 610 926 usumque
651 830 804 926 pertinet
847 843 921 902 tam
958 830 1101 902 diuersa
1143 843 1197 903 est
1234 829 1415 901 interdum

246 944 409 1016 condicio
423 944 602 1042 participii
618 970 637 1016 a
653 959 851 1029 ceterarum
864 945 964 1018 uerbi
976 945 1173 1018 formarum
1189 944 1413 1032 condicione,

246 1073 286 1131 ut
316 1073 351 1132 et
384 1060 503 1157 ipsum
535 1061 572 1130 in
605 1086 686 1131 -ens
722 1061 890 1133 desinens
926 1061 1153 1159 participium
1190 1061 1266 1133 fieri
1301 1060 1417 1157 possit

246 1175 463 1248 adiectiuum
493 1189 598 1274 atque
628 1176 733 1248 etiam
764 1177 1032 1249 substantiuum
1064 1202 1195 1249 nomen
1212 1231 1221 1266 ,
1257 1176 1417 1273 reliquae

246 1290 348 1362 uerbi
370 1300 496 1388 'partes
529 1317 602 1363 non
635 1292 784 1388 possint.
819 1293 986 1390 Ideoque,
1022 1318 1062 1364 ac
1090 1292 1247 1364 maxime
1268 1306 1416 1389 propter

245 1433 352 1478 usum
373 1419 534 1479 notatum
555 1432 664 1503 supra
682 1415 733 1503 (p.
760 1408 833 1504 47),
850 1408 1091 1504 gerundiuum
1117 1406 1307 1505 pdssr'uum
1337 1407 1415 1478 fieri

245 1522 376 1620 potuit,
415 1523 542 1594 ceteris
574 1522 699 1595 formis
736 1523 863 1595 actiuis
900 1523 1182 1596 remanentibus.
1224 1567 1271 1578 -
1308 1522 1415 1614 Quod

246 1638 424 1729 annotat¹
460 1637 573 1710 multa
613 1662 691 1709 esse
711 1637 886 1710 adiectiua
905 1638 942 1709 in
972 1638 1097 1729 -ndus‚
1127 1664 1219 1737 quae
1245 1663 1263 1709 e
1292 1637 1414 1710 uerbis
1458 1637 1461 1642 ’

244 1752 381 1825 neutris
404 1752 697 1851 proficiscantur,
723 1751 760 1824 id
786 1754 907 1826 nescio
927 1779 972 1825 an
995 1779 1121 1826 uerum
1144 1781 1213 1826 non
1232 1753 1290 1826 sit.
1309 1754 1414 1826 Certe

142 1884 144 1888 ’
245 1894 481 1966 eorumquae
508 1868 643 1966 profert
663 1867 813 1939 uerbum
836 1868 990 1960 nullum,
1016 1869 1085 1940 nisi
1110 1868 1200 1942 forte
1230 1867 1412 1959 insidiari,

244 2010 316 2055 non
334 1999 388 2056 est
403 1983 595 2082 aliquando
615 1984 730 2056 actiue
748 1998 972 2081 usurpatum.
991 1987 1039 2057 At
1050 1985 1170 2082 ipsum
1187 1984 1415 2058 insidiandus

245 2100 386 2172 uidetur
402 2099 539 2171 Tullius
554 2099 806 2172 concinnitatis
825 2101 943 2199 gratia
958 2100 1060 2173 alteri
1078 2101 1280 2198 gerundiuo
1296 2126 1413 2202 oppo-

245 2215 361 2286 suisse
394 2215 513 2303 (Cael.
555 2216 642 2307 21):
676 2240 694 2283 u
714 2241 887 2313 mupnum
931 2216 1067 2288 crimen
1113 2217 1171 2289 uel
1212 2216 1248 2289 in
1285 2214 1415 2312 tepetis

245 2329 473 2420 insidiandis,
500 2331 558 2402 uel
580 2330 615 2402 in
636 2330 752 2402 seruis
770 2332 1020 2406 sollicitandis.
1043 2360 1061 2404 »
1085 2333 1252 2405 Ceterum
1275 2358 1320 2404 ex
1347 2358 1415 2404 usu

248 2446 411 2518 absoluto
451 2448 647 2544 gerundiui
689 2448 727 2518 in
769 2447 889 2519 uerbis
927 2447 1076 2538 neutris²
1112 2473 1193 2520 cum
1221 2448 1416 2520 necessitas

245 2562 479 2657 exprimenda
517 2577 592 2636 erat
618 2574 668 2653 (u.
692 2590 729 2660 g.
753 2550 994 2635 ‘recedendum
1027 2565 1108 2657 est),
1129 2563 1206 2636 fieri
1226 2563 1342 2661 potuit
1376 2577 1415 2635 ut

246 2677 353 2748 etiam
378 2678 570 2750 uerborum
611 2693 821 2752 neutrorum
856 2679 1084 2776 participium
1126 2693 1164 2751 ut
1197 2679 1416 2751 adiectiuum

246 2793 390 2890 passiue
413 2794 656 2866 adhiberetur.
798 2785 801 2793 .

295 2924 330 2978 2⁰
347 2909 438 2980 Illud
453 2910 559 2981 etiam
576 2925 736 2983 secutum
753 2924 806 2982 est
824 2936 842 2982 e
858 2936 985 2982 sensus
1000 2911 1136 3008 passiui
1153 2910 1414 3009 propagatione

246 3025 343 3122 quod
361 3026 498 3097 actiuae
515 3026 651 3099 formae
666 3040 918 3099 remanserunt
936 3027 1174 3122 paucissimae
1194 3054 1201 3098 :
1224 3041 1263 3099 ut
1284 3026 1414 3099 labun-

246 3140 326 3230 dus,
337 3139 526 3229 oriundus,
536 3141 723 3232 secundus,
738 3141 946 3214 uoluendus.
961 3142 1033 3214 Illis
1046 3157 1165 3214 autem
1179 3141 1296 3214 eafuit
1307 3167 1414 3213 causa

246 3256 468 3345 remanendi,
482 3251 587 3353 'quod
614 3257 685 3328 iam
705 3258 766 3330 diu
793 3247 1002 3329 attributiue
1027 3258 1237 3355 saepissime
1260 3281 1414 3353 usurpa-

247 3371 391 3460 bantur,
415 3385 454 3442 ut
472 3386 554 3443 ante
575 3374 614 3463 (l.
638 3399 669 3445 c.
698 3375 729 3467 ι)
750 3373 1023 3470 explicauimus.
1046 3374 1116 3446 Sed
1136 3373 1205 3445 illis
1225 3398 1296 3445 non
1323 3374 1414 3444 hene

248 3485 384 3557 addunt
401 3487 547 3584 quidam
562 3488 575 3528 2
589 3487 676 3560 alias
697 3488 845 3579 formaS,
864 3504 902 3562 ut
914 3489 1181 3588 florescendus,
1199 3489 1411 3577 noscendus,

248 3601 492 3697 nuur'pondus‚
511 3603 754 3676 tabescendus.
772 3605 865 3676 Nam
880 3630 1003 3677 earum
1015 3631 1079 3676 nec
1095 3618 1192 3676 aetas
1208 3605 1332 3676 eadem
1345 3618 1412 3694 cst,

249 3730 287 3789 ut
320 3717 486 3813 superius
505 3719 676 3792 admonui
707 3723 759 3818 (p.
794 3721 843 3818 9),
866 3747 933 3793 nec
953 3747 1038 3793 usus
1063 3721 1171 3811 idem,
1200 3746 1266 3792 nec
1300 3719 1416 3792 nomi-

1337 3909 1413 3917 —-

249 4033 280 4069 ce
298 4021 344 4083 qui
362 4022 399 4071 du
415 4022 507 4072 moins
521 4021 547 4071 le
562 4023 758 4086 taitsupposer
774 4038 842 4075 avec
854 4024 1083 4083 vraisemblance,
1100 4025 1224 4088 c'estque
1240 4025 1329 4075 meme
1346 4025 1416 4074 dans

249 4095 289 4145 les
305 4098 403 4146 verbes
415 4098 581 4159 deponente,
598 4093 734 4160 l'adjectif
746 4114 781 4148 en
796 4100 887 4151 -ndus
898 4113 1030 4150 conserve
1039 4100 1170 4164 tcujours
1185 4116 1235 4151 sou
1250 4115 1314 4151 sens
1327 4101 1418 4164 passis

250 4173 266 4220 a
282 4172 310 4220 la
327 4173 477 4222 difference
497 4173 531 4222 de
550 4177 640 4223 toutes
659 4174 699 4223 les
717 4178 810 4225 autres
828 4176 930 4226 formes
947 4176 1086 4226 verbales.
1109 4195 1121 4224 u

283 4254 305 4303 t.
328 4253 371 4301 Id.
392 4253 465 4304 tbtct.
487 4267 516 4303 n.
535 4255 543 4303 1
558 4269 564 4301 :
580 4270 591 4299 u
604 4255 645 4323 On
656 4257 700 4304 est
710 4268 809 4305 encore
827 4257 943 4306 conduit
959 4256 975 4306 a
990 4257 1017 4306 la
1034 4256 1122 4306 meme
1140 4255 1303 4307 conclusion
1322 4256 1414 4320 quand

250 4341 285 4377 on
303 4329 448 4378 considere
464 4328 505 4378 les
522 4328 676 4379 nombreux
689 4330 821 4392 adjectifs
839 4345 872 4382 en
890 4332 982 4384 -ndus
1001 4332 1110 4382 derives
1126 4333 1161 4382 de
1177 4333 1275 4382 verbes
1293 4336 1414 4389 neutras,

250 4416 301 4465 par
311 4405 435 4467 exempla
451 4405 590 4462 utendus,
607 4406 765 4466 fruendus,
780 4408 957 4469 potiundus,
971 4407 1127 4464 carendus,
1144 4407 1331 4471 plectendus,
1344 4408 1416 4458 inst-

249 4477 390 4540 dtandus,
403 4480 629 4537 erubescendus,
644 4481 800 4540 dotandus,
814 4485 868 4534 etc.
889 4486 921 4534 V.
936 4484 1186 4539 Naue-Wronuua,
1202 4482 1415 4534 Formenlehre

248 4564 288 4610 111,
305 4567 335 4616 p.
356 4555 427 4605 att.
448 4573 461 4601 u
478 4555 520 4605 Cf.
542 4557 745 4614 Wmswuruun
763 4571 792 4620 p.
810 4560 852 4609 56.

280 4635 304 4684 2.
324 4634 366 4684 Of.
384 4635 505 4690 Dossou.
524 4635 543 4685 t.
567 4634 587 4684 t.
605 4649 631 4698 p.
650 4638 734 4692 33-36.
750 4651 830 4700 quem
845 4638 925 4688 multi
940 4643 1100 4701 sequuntur.
1113 4665 1144 4673 —
1159 4638 1277 4688 Nomina
1292 4639 1416 4697 dearum,

247 4711 279 4759 ut
301 4723 358 4758 non
381 4710 450 4759 satis
474 4710 614 4760 elucidata
635 4712 725 4768 omisi,
745 4714 810 4762 item
828 4713 1136 4772 circuentinnz'endus,
1152 4713 1328 4778 placandus,
1347 4728 1414 4780 per·

247 4784 374 4843 eundus,
388 4786 480 4836 uarias
498 4785 532 4836 ob
548 4800 659 4838 causas.
677 4787 730 4840 Vid
744 4802 837 4852 supra,
854 4790 901 4849 ut,
913 4804 942 4853 p.
962 4792 976 4842 9
992 4792 1019 4840 et
1036 4789 1074 4840 10.
1365 4781 1369 4792 ⁴
