3330 5574
603 1241 1055 1353 PROOEMIUM

771 1568 917 1580 α

296 1882 349 1951 De
369 1905 409 1951 ea
426 1879 573 1950 Latinae
589 1877 734 1975 linguae
753 1877 867 1949 forma
883 1903 975 1975 quae
994 1878 1030 1949 in
1046 1878 1158 1950 -nulus
1174 1879 1306 1952 desinit
1326 1880 1417 1954 duae

246 2004 403 2075 maxime
419 2002 648 2100 quaestiones
664 2001 802 2072 institui
817 2000 944 2086 solent,
963 2001 1097 2074 scilicet
1112 2028 1208 2100 quae
1222 2002 1295 2074 eins
1310 2004 1416 2101 oripo

235 2126 372 2225 suerit,
391 2125 732 2224 quoe'sipnificutio
752 2137 786 2196 et
806 2150 901 2196 usus.
926 2125 1086 2216 Quarum
1108 2152 1215 2197 unarn
1231 2125 1337 2218 hanc,
1358 2128 1417 2199 illa

246 2250 467 2328 doctioribus
487 2249 623 2336 relicta,
645 2248 682 2317 in
702 2249 770 2320 hoc
790 2248 910 2321 libello
931 2248 1063 2321 hahere
1085 2250 1172 2320 mihi
1190 2252 1417 2348 propositum
1478 2341 1486 2345 ..

248 2388 313 2447 est.

295 2500 349 2570 De
367 2497 592 2594 perundiu0¹
612 2511 731 2568 autern
750 2510 785 2568 et
803 2495 996 2594 perendie,
1020 2510 1102 2568 ante
1121 2496 1188 2568 hos
1211 2496 1417 2594 quindecim

246 2648 361 2694 annos
371 2620 602 2717 disputarunt
617 2621 685 2692 uiri
701 2619 920 2693 doctissimi:
939 2645 1093 2717 quorum
1108 2619 1257 2692 nomina
1273 2619 1418 2717 singula

246 2744 535 2842 sententiasque2
554 2769 732 2835 enarrare,
748 2756 787 2815 ut
804 2769 919 2841 neque
932 2744 1159 2841 propositum
1174 2743 1262 2814 mihi
1280 2759 1334 2816 est
1349 2744 1418 2816 hoc

246 2869 323 2940 loco
345 2893 459 2965 neque
487 2867 742 2957 necessarium,
771 2867 819 2939 ita
843 2867 878 2937 in
901 2893 990 2965 quas
1013 2868 1205 2964 praecipue
1231 2867 1418 2940 discedant

246 3006 378 3089 partes,
408 2992 561 3088 pretium
589 3016 719 3088 operae
746 2990 815 3063 erit
838 2990 1008 3063 indicare.
1038 2991 1131 3063 Narn
1155 2993 1311 3081 Doss0n‚
1333 3016 1416 3062 curn

247 3141 343 3187 anno
368 3117 479 3211 1887,·
503 3116 546 3188 de
570 3116 637 3187 hac
671 3141 709 3187 re
736 3114 974 3212 scripsisset³‚
1009 3129 1122 3188 totam
1154 3115 1414 3212 quaestionem,
1441 3119 1443 3123 ⁴

246 3254 372 3336 quarto
396 3254 477 3335 post
496 3264 603 3328 anno,
625 3237 856 3311 Weisweiler
874 3237 889 3280 ¹²
904 3238 1124 3328 retractauit,
1145 3238 1416 3336 doctrinamque

245 3354 391 3427 tradidit
418 3354 527 3450 longe
551 3353 745 3442 diuersam,
767 3353 879 3424 immo
899 3378 1005 3450 saepe
1021 3353 1236 3425 contrariam
1250 3353 1274 3424 ⁵.
1298 3354 1415 3446 Quam

278 3640 302 3689 1.
323 3638 535 3690 Gerundiuum
554 3639 582 3688 in
601 3639 653 3689 hoc
670 3639 766 3689 libello
784 3643 901 3690 uocatur
917 3640 945 3688 id
963 3639 1038 3702 quod
1059 3640 1149 3689 nostri
1167 3639 1295 3702 pluribus
1322 3639 1417 3689 uerbis

245 3713 369 3777 adjectis
383 3714 482 3781 uerbal
500 3728 537 3765 en
550 3715 642 3765 -rrdus
658 3728 758 3764 uocare
777 3716 876 3771 solent,
891 3714 1076 3776 perunctum
1090 3717 1183 3764 autem
1200 3715 1228 3764 id
1241 3714 1314 3778 quod
1329 3717 1417 3764 nostri

245 3788 271 3839 le
284 3788 554 3852 perondif‚‘ueteres
564 3793 655 3839 autem
669 3789 798 3852 petundi
810 3789 926 3850 modus,
940 3789 1066 3839 uerbum
1075 3789 1214 3853 peruncti,
1225 3789 1416 3852 appellabant.

246 3864 297 3912 His
317 3864 463 3913 uocabulis
489 3864 598 3914 duobus
624 3866 683 3914 iere
700 3865 801 3914 iisdem
827 3865 953 3914 eiusdem
974 3865 1079 3914 formae
1100 3878 1169 3913 usus
1192 3864 1294 3927 duplex
1315 3864 1417 3913 melius

245 3937 364 3987 fortasse
395 3939 589 4001 distinguitur.
617 3941 652 3990 st
673 3939 881 4003 perundiuum
902 3953 950 3989 cur
976 3952 1031 3988 non
1054 3941 1144 4002 possit
1168 3939 1223 3988 dici
1249 3952 1311 3988 curn
1339 3937 1418 3988 indi-

244 4013 371 4069 catiuus,
397 4013 597 4076 imparatioris
626 4014 726 4064 modus
751 4014 867 4075 dicatur,
887 4027 943 4064 non
965 4014 1101 4063 uidemus.
1126 4015 1214 4065 Usum
1232 4014 1319 4076 igitur
1343 4013 1418 4076 apud

246 4087 399 4138 Germanos
413 4091 557 4151 receptum
570 4089 706 4138 retinebo.

276 4177 302 4226 2.
323 4176 421 4225 Omnia
438 4177 555 4239 collegit
576 4176 733 4227 Lebreton:
757 4176 913 4241 L’adjectif
927 4177 1025 4228 uertat
1043 4189 1080 4226 ec
1102 4177 1202 4233 -uctus,
1229 4175 1317 4227 etude
1337 4189 1418 4226 mor-

243 4251 423 4314 photopique
448 4256 474 4301 et
499 4251 697 4314 semanticus.
729 4252 848 4314 (Extrait
876 4252 924 4301 des
947 4251 1107 4303 Me'moires
1130 4251 1166 4302 de
1190 4252 1218 4302 ia
1245 4250 1357 4302 sociata
1383 4251 1420 4301 de

247 4326 444 4389 liopuistique
457 4326 492 4376 de
510 4325 606 4383 Paris,
624 4332 645 4377 t.
665 4339 701 4383 xi,
720 4340 749 4388 p.
768 4327 894 4390 its-tot).

272 4416 297 4464 3.
317 4413 358 4464 De
369 4414 523 4477 participii
542 4414 706 4476 perundiui
718 4414 932 4478 antiquissima
946 4415 987 4472 ui,
1005 4415 1255 4478 immutatataque
1268 4414 1418 4477 posterius

247 4489 405 4540 ratione...
425 4490 513 4545 Paris,
532 4490 602 4540 1897.

276 4577 302 4627 4.
323 4576 380 4626 Das
397 4577 571 4627 lateinisches
588 4576 785 4640 participium
805 4576 904 4638 futuri
917 4577 1043 4640 paesici,
1062 4579 1095 4627 in
1111 4579 1211 4627 seiner
1229 4542 1416 4641 Bedeutuup,

247 4651 310 4702 uod
327 4652 549 4714 syntactischerr
573 4652 792 4715 Vcrwendunp.
814 4652 982 4710 paderborn,
1003 4653 1073 4704 1890.

277 4740 302 4790 5.
320 4741 353 4791 V.
382 4741 503 4801 Bessos,
520 4740 640 4791 laudato
663 4739 772 4797 libello,
790 4752 820 4802 p.
844 4740 935 4799 27-28;
954 4753 1017 4804 cap.
1044 4752 1074 4802 11,
1098 4753 1161 4803 cap.
1187 4752 1224 4797 111,
1246 4740 1371 4802 passim3
1390 4744 1418 4790 et

248 4816 450 4872 wnswunnrt
470 4815 487 4866 i.
508 4816 528 4866 l.
550 4829 613 4878 cap.
630 4827 659 4872 11,
675 4828 739 4878 cap.
757 4827 797 4877 111,
815 4815 933 4877 passim.

1364 4932 1375 4971 1
1471 4946 1477 4962 ι
