3330 5574
610 517 653 561 DE
679 516 866 563 GERUNDIVI
892 515 957 562 USU
980 515 1190 562 RECENTIORE

642 957 815 1029 CAPUT
859 956 1159 1028 SECUNDUM

316 1186 513 1234 GERUNDIVO
539 1185 638 1232 NOT10
664 1184 907 1249 Nucnsslanls,
936 1184 1068 1248 OFFICII,
1091 1183 1181 1248 CER,
1209 1185 1253 1229 EX
1272 1183 1482 1230 STRUCTURIS

365 1301 563 1365 QUIBUSDAM
591 1301 737 1346 PASSIVIS
758 1299 832 1353 otuu
856 1298 952 1345 ESSET
975 1298 1171 1344 encaustum
1191 1300 1254 1346 SEU
1275 1297 1485 1343 flammarum

365 1415 635 1462 EXPRlMENTlBUS
660 1415 840 1462 ACCREVIT.

365 1594 408 1663 Α.
433 1592 510 1663 Hoc
529 1590 648 1688 ipsum
668 1603 750 1661 ante
769 1601 885 1686 quam
898 1587 1080 1685 quomodo
1100 1587 1233 1659 lactu-m
1253 1587 1300 1659 sit
1316 1587 1482 1678 ostendo,

317 1708 441 1804 paucis
460 1705 751 1803 respondendum
768 1704 910 1777 uidetur
931 1703 1007 1774 eis¹
1032 1703 1107 1800 qui,
1130 1703 1220 1776 duce
1240 1702 1483 1793 Weisweiler,

318 1824 410 1894 hanc
429 1822 611 1894 notionem
632 1820 864 1919 principalem
883 1844 961 1891 esse
977 1820 1211 1891 contendunt.

366 1936 594 2009 Weisweiler
605 1935 777 2008 ratin⁹sic
789 1932 1078 2030 breuitercolligi
1087 1948 1216 2031 potest.
1234 1935 1483 2006 «lusermone
1508 1946 1512 1953 '

318 2054 444 2125 Latino
460 2077 542 2123 cum
561 2051 711 2123 luissent
725 2050 828 2122 initio
842 2050 1029 2147 participia
1049 2052 1133 2140 duo,
1157 2050 1307 2122 alterum
1324 2049 1483 2121 actiuum

318 2169 493 2241 actionem
519 2167 687 2238 inlectam
710 2167 877 2262 (lepens),
907 2165 1058 2237 alterum
1081 2166 1281 2263 passiuum‚
1305 2164 1483 2237 actionem

319 2284 514 2382 perfectam
534 2283 672 2377 (lectus)
693 2281 913 2379 exprimens,
935 2281 990 2353 his
1013 2295 1238 2354 accesserunt
1254 2306 1349 2352 noua
1371 2280 1485 2377 parti-

319 2399 412 2496 cipia
431 2400 516 2488 duo,
537 2398 687 2469 alterum
712 2390 869 2468 actiuum
896 2396 1096 2491 (lecturus),
1124 2397 1309 2494 passiuum
1333 2394 1485 2467 alterum

320 2514 535 2611 tlependus),
558 2513 733 2585 actionem
755 2526 946 2609 utrumque
974 2512 1180 2610 exprimens
1204 2537 1276 2583 non
1300 2511 1483 2600 inlectam,

322 2631 383 2702 sed
400 2629 570 2717 luturam,
592 2654 675 2699 nam
693 2626 861 2724 lependus
876 2652 957 2698 cum
969 2626 1134 2724 lepentur
1144 2627 1401 2699 conferendum
1418 2639 1483 2698 cst.

319 2745 389 2816 Sed
415 2745 512 2816 utin
543 2743 732 2840 participio
751 2743 869 2814 actiuo
897 2742 1033 2814 notioni
1062 2742 1173 2814 futuri
1191 2742 1340 2817 accessit
1358 2767 1485 2831 sensus

320 2859 551 2957 proposition
572 2858 781 2947 uoluntatis,
804 2858 852 2929 ita
871 2857 908 2928 in
937 2852 1083 2954 passiuu
1110 2876 1237 2932 sensus
1264 2856 1486 2930 necessitatis
1582 2890 1585 2895 Δ

319 2976 428 3048 acrei
455 2976 629 3071 agendae.
652 3002 671 3045 )>

368 3092 465 3162 Haec
493 3089 595 3162 facile
621 3089 751 3179 diluas
776 3089 806 3161 si
833 3103 933 3161 notes
960 3087 1070 3161 luisse
1099 3089 1136 3159 in
1165 3089 1293 3161 Latino
1319 3112 1483 3160 sermone

317 3205 543 3304 participium
563 3205 672 3277 futuri
694 3205 828 3302 passiui
845 3205 986 3301 (lectum
1008 3205 1085 3300 iri),
1104 3205 1269 3302 ideoque,
1289 3204 1375 3276 dum
1394 3203 1483 3274 illud

318 3336 451 3410 manet,
470 3347 542 3392 non
560 3346 704 3392 necesse
724 3320 834 3392 luisse
858 3320 1027 3417 lependus
1052 3320 1212 3393 futurum
1239 3319 1482 3416 exprimeret3

318 3438 437 3534 ipsum
473 3461 560 3508 uero
600 3437 770 3532 lependus
803 3436 848 3507 ad
885 3435 1035 3532 stirpem
1065 3435 1176 3507 futuri
1207 3436 1324 3532 lepent
1353 3434 1486 3505 frustra

318 3552 443 3623 referri
472 3550 531 3642 (cl.
568 3576 676 3647 supra
706 3551 850 3644 30-31);
882 3550 1036 3648 denique
1059 3576 1136 3622 esse
1166 3550 1203 3620 in
1234 3548 1486 3621 uetustissimis

320 3667 467 3738 Latinae
494 3666 639 3762 linguae
661 3665 904 3737 monumentis
924 3679 1007 3738 ante
1035 3665 1150 3736 Plauti
1171 3679 1322 3737 aetatem
1351 3663 1486 3736 lormas

319 3782 506 3880 quasdam,
528 3794 564 3851 ut
576 3780 763 3871 secundus,
784 3780 1043 3870 occz‘dendu3,a
1063 3781 1194 3878 quibus
1209 3780 1303 3852 absit
1318 3779 1416 3851 notio
1433 3779 1487 3850 rei

320 3897 480 3993 agendae
505 3920 545 3966 ac
561 3896 795 3985 necessitatis
817 3910 851 3967 et
867 3895 1004 3986 futuri3
1034 3896 1209 3967 Plautinis
1232 3920 1318 3969 uero
1341 3908 1485 3992 tempo-

321 4012 435 4102 ribus,
464 4011 575 4081 multa
602 4010 766 4107 exempla
792 4011 968 4082 eiusmodi
1004 4010 1155 4106 proferri
1187 4036 1293 4108 posse
1332 4009 1409 4082 siue
1446 4011 1484 4080 iu

320 4126 435 4197 Plauti
455 4125 568 4223 ipsius
584 4125 752 4222 operibus
766 4126 792 4215 ³,
810 4126 886 4198 siue
901 4126 938 4195 in
954 4126 1101 4198 Catonis
1126 4131 1176 4223 (v.
1206 4152 1328 4223 supra,
1351 4152 1384 4223 p.
1418 4126 1454 4219 6)
1473 4151 1481 4215 ;

320 4240 473 4338 denique
500 4240 537 4310 in
564 4240 721 4312 ablatiuo
745 4241 926 4337 gerundii,
949 4242 1045 4339 quod
1073 4267 1118 4314 ex
1138 4242 1340 4339 gerundiuo
1359 4241 1483 4313 Weis-

352 4521 374 4570 l.
397 4521 517 4577 Quorum
546 4518 574 4567 in
605 4531 719 4568 numero
754 4521 826 4575 sunt,
859 4522 929 4569 teste
956 4520 1084 4570 Pnnssou
1110 4520 1142 4582 (l.
1168 4520 1186 4571 l.
1214 4533 1241 4583 p.
1265 4520 1315 4583 955,
1345 4521 1485 4584 Scuunnz,

320 4597 491 4654 Bnucuauu,
510 4595 608 4650 Sioua,
626 4595 790 4644 Dunnnttou.

350 4678 376 4726 2.
398 4677 599 4733 Wnrswnunn,
618 4673 638 4724 l.
662 4674 682 4724 l.
702 4688 732 4737 p.
753 4674 790 4733 18,
806 4674 846 4724 21.

350 4758 375 4806 3.
397 4756 484 4805 Multa
497 4755 623 4817 exempla
639 4754 784 4818 proferunt
794 4754 915 4816 busson,
932 4754 951 4805 l.
965 4755 983 4807 l.
1000 4756 1036 4818 ta,
1051 4769 1101 4820 sq.¹
1121 4757 1258 4820 Pnnssort,
1276 4756 1296 4808 l.
1316 4755 1334 4809 l.
1348 4770 1378 4821 p.
1394 4756 1433 4814 at,
1450 4769 1483 4806 ac

321 4833 440 4882 maxime
456 4832 663 4892 Hennensem,
680 4830 698 4881 l.
715 4829 735 4880 l.
751 4843 780 4893 p.
798 4830 839 4881 98.
