3330 5574
357 1298 359 1303 ,
462 1216 660 1348 ἲΡΑΗΒ
695 1215 1025 1305 eosmnron

362 1496 425 1566 DE
450 1496 717 1568 GERUNDlVl
743 1496 840 1568 USU
867 1495 1173 1568 RECENTIORE

230 1981 494 2069 Gerundiuum‚
517 1980 553 2050 in
579 1980 697 2077 priore
719 1979 826 2052 huius
848 1979 959 2052 libelli
985 1995 1098 2078 parte,
1119 1979 1229 2054 fuisse
1246 1981 1352 2065 ‚initio

183 2079 412 2195 participium
433 2095 554 2168 inlecti
573 2095 674 2167 uerbi
697 2095 911 2168 rellexiuum
931 2122 994 2167 seu
1018 2096 1253 2187 medium,'ut
1275 2097 1353 2169 fieri

184 2212 311 2309 potuit,
330 2211 577 2308 probauimus.
590 2212 661 2283 Sed
672 2211 762 2301 eiuS,
777 2226 817 2284 ut
835 2212 872 2281 in
893 2214 1079 2308 prooemio
1098 2226 1261 2285 notatum
1282 2228 1348 2303 est,

185 2354 270 2400 usus
301 2327 361 2398 alii
396 2327 517 2425 plures
543 2341 645 2416 sunt,
679 2327 741 2426 qui
773 2327 878 2398 nobis
907 2353 988 2399 oum
1023 2329 1240 2424 posteriores
1273 2354 1352 2401 esse

185 2443 386 2532 uideantur,
411 2444 504 2515 unde
526 2443 764 2539 prolluxerint
784 2468 882 2514 nunc
902 2442 1093 2515 dicendum
1112 2458 1177 2516 est.

232 2559 349 2650 Quam
387 2573 498 2631 totam
541 2559 787 2656 quaestionem
832 2556 1010 2669 capitibus
1044 2559 1353 2657 comprehendens

185 2689 365 2772 quattuor,
386 2673 480 2745 unde
497 2674 714 2772 perundt'um
733 2674 876 2746 duxerit
894 2675 1085 2771 originem,
1104 2676 1198 2747 unde
1216 2701 1353 2772 gerun-

184 2790 268 2861 diuo
286 2790 385 2862 notio
400 2789 509 2889 finio,
527 2790 760 2879 necessitatis
782 2804 866 2881 oet,
891 2791 1099 2879 aocreuerit,
1124 2817 1194 2889 qua
1213 2791 1351 2864 ratione

83 2982 86 2985 ,
178 2905 330 3002 possiuo
338 2905 595 3003 praeuoluerit
609 2905 848 3004 sr'9nisteotio²
865 2919 1041 3004 quatenus
1057 2921 1090 2978 et
1106 2932 1177 3005 quo
1192 2919 1352 3004 tempore

175 3022 350 3118 futurum
365 3037 580 3118 expressum
597 3022 656 3111 sit,
679 3022 750 3092 iam
769 3047 940 3121 quaerere
960 3022 1143 3119 incipiam.

232 3137 324 3207 Nam
339 3136 512 3234 passinus
531 3137 608 3233 ipse
631 3163 717 3209 usus
737 3138 929 3234 gerundiui
949 3163 1056 3235 quem
1077 3164 1097 3209 a
1115 3137 1242 3236 priscis
1260 3151 1353 3209 tem-

186 3250 333 3348 poribus
350 3252 386 3321 in
395 3252 551 3349 antiquis
564 3253 807 3325 monumentis
818 3278 991 3350 apparere
1007 3254 1214 3325 monuimus
1230 3255 1282 3350 (p.
1299 3255 1351 3348 Δ),

185 3392 256 3464 quo
276 3368 383 3439 modo
398 3393 443 3439 ex
463 3367 523 3439 illo
542 3368 661 3466 priore
677 3395 745 3440 usu
763 3369 936 3441 rellexiuo
953 3395 1016 3441 seu
1032 3369 1151 3441 medio
1167 3382 1270 3440 natus
1291 3371 1351 3460 sit,

187 3481 289 3555 facile
311 3483 464 3555 uidetur.

234 3598 427 3695 Partioipio
461 3595 555 3670 enim
591 3596 701 3668 uerbi·
729 3597 785 3669 sui
821 3597 1003 3671 fortunam
1039 3613 1234 3697 sequente,
1270 3625 1352 3671 oum

163 3712 337 3785 uerbum
360 3713 572 3785 reflexiuum
596 3712 742 3809 passiuo
766 3739 873 3786 sensu
896 3714 1058 3786 adhiberi
1086 3728 1252 3813 coeptum
1284 3730 1350 3804 est,

186 3829 292 3900 etiam
309 3828 488 3926 participii
503 3828 627 3900 eadem
643 3829 805 3901 condicio
820 3829 897 3901 luit.
917 3830 967 3901 Ut
985 3829 1023 3899 in
1042 3833 1131 3902 uoce
1144 3831 1315 3928 poscitur
1326 3832 1350 3919 ¹,

186 3969 205 4015 e
227 3944 397 4016 rellexiua
412 3943 674 4041 significatione
688 3943 732 4038 (tl
744 3970 781 4016 se
799 3943 958 4039 nourrit)
975 3959 1052 4017 orta
1072 3946 1217 4042 passiua
1236 3946 1354 4042 signi-

186 4060 303 4131 ficatio
330 4073 409 4148 est,
438 4059 487 4131 ita
515 4060 561 4132 ed
593 4059 894 4156 significationem
928 4060 1110 4157 passiuam
1144 4061 1287 4133 transiit
1319 4075 1354 4133 et

179 4174 397 4272 pascendus.
439 4175 609 4247 Passiuus
646 4175 757 4271 igitur
793 4202 906 4266 usuS‚
942 4176 1004 4274 qui
1036 4176 1101 4249 etsi
1134 4202 1206 4249 non
1239 4177 1352 4249 multo

187 4290 336 4362 fortasse
356 4305 530 4387 tempore,
552 4291 689 4362 ratione
713 4292 807 4363 certe
828 4292 1003 4390 posterior
1021 4291 1101 4382 luit,
1127 4293 1222 4364 unde
1241 4292 1352 4389 origi-

187 4390 270 4477 nem
294 4406 449 4497 duxerit,
474 4405 719 4478 difficultatem
744 4432 817 4478 non
846 4407 965 4480 habet.
996 4407 1077 4499 Quo
1100 4408 1207 4480 modo
1231 4422 1350 4480 autem

221 4721 244 4769 l.
262 4720 304 4771 ol.
325 4714 430 4770 Bnrlnn.
449 4720 536 4771 Esset
551 4721 586 4771 de
599 4721 793 4786 semantique,
809 4736 838 4786 p.
855 4723 896 4774 96,
919 4739 930 4770 n
945 4723 1084 4776 Pascitur
1098 4740 1115 4776 a
1132 4725 1244 4790 signifle
1259 4745 1270 4772 t(
1287 4726 1307 4776 it
1325 4741 1354 4777 so

190 4797 297 4844 nourrit
311 4813 322 4842 n
339 4800 422 4846 avant
435 4796 468 4846 de
482 4797 608 4860 signifler
622 4813 634 4843 n
650 4798 670 4847 il
687 4801 730 4848 est
741 4799 837 4848 nourri
853 4815 877 4849 n.

1295 4918 1310 4960 l
