3330 5574
567 488 612 532 ou
638 487 826 534 uunuxmvr
851 487 1001 532 murone
1047 540 1049 547 ,
1328 483 1364 542 17

197 713 446 810 inpraesenti,
466 712 542 785 siue
572 713 609 782 in
633 713 838 810 praeterit0,
860 713 937 786 siue
963 713 1000 784 in
1030 713 1165 804 futuro,
1186 714 1363 787 actionem

199 853 278 899 eam
310 828 477 925 designat
509 853 605 926 quoe
634 829 680 925 fit
713 828 798 901 dum
833 829 909 901 olio
936 829 1008 925 fit,
1037 829 1155 902 idest
1188 830 1365 902 actionem

199 927 462 1042 imperfectam.
477 946 599 1041 ltaque
618 969 700 1016 cum
721 943 832 1016 futuri
852 944 958 1017 etiam
975 959 1034 1017 act
1050 944 1232 1041 praeteriti
1254 946 1365 1017 uerbo

199 1059 440 1156 coniungitur.
460 1059 519 1130 Sic
534 1052 729 1157 Vergilius
749 1061 840 1131 AEn.
859 1087 882 1131 1.
903 1061 1079 1133 261.262:

390 1210 490 1270 Fahor
508 1209 627 1271 enim...

395 1308 532 1390 Longius
546 1319 575 1370 et
591 1307 724 1370 uoluens
739 1308 872 1369 latorum
889 1329 1001 1370 arcana
1015 1308 1146 1371 monebo
1164 1331 1171 1384 ;

200 1439 252 1513 sic
270 1440 422 1531 Tullius,
439 1442 497 1512 De
512 1443 595 1514 Seu.
619 1443 742 1514 16.55:

201 1589 294 1651 Curio
315 1591 354 1651 ad
370 1590 473 1652 locum
488 1592 603 1653 sedenti
626 1592 778 1653 Samnites
792 1614 943 1676 magnum
958 1593 1025 1654 auri
1047 1593 1166 1676 pondus
1182 1594 1364 1658 attulerunt.

249 1727 396 1815 Contra,
414 1727 641 1824 participium
657 1728 754 1825 quod
771 1728 896 1800 dicunt
914 1727 1215 1824 «praeteritum»
1238 1753 1369 1800 nomeu

198 1856 346 1914 eatenus
377 1843 497 1933 decet,
526 1858 701 1940 quatenus
732 1843 912 1915 actionem
943 1843 1127 1940 designat,
1161 1869 1252 1941 quae
1284 1843 1369 1916 dum

199 1957 275 2029 olio
300 1958 367 2056 stt,
398 1959 473 2030 siue
501 1959 750 2056 inpraesenti,
782 1959 860 2037 siue
889 1959 925 2029 in
950 1958 1083 2047 futuru,
1104 1958 1181 2031 siue
1206 1959 1242 2029 in
1262 1985 1370 2057 prae-

199 2076 316 2162 terito,
335 2074 407 2146 iam
426 2088 480 2146 est
493 2075 676 2172 perfecto,
696 2074 847 2172 ideoque
862 2070 1071 2171 praeterito
1086 2077 1110 2146 ¹.

249 2188 341 2262 Illud
355 2215 497 2288 quoque
514 2191 781 2263 admonendum
801 2205 855 2263 est
871 2191 968 2288 quod
993 2190 1029 2260 in
1057 2191 1185 2262 Latino
1206 2215 1370 2263 sermone

200 2305 243 2377 ad
276 2306 550 2403 exprimendam
586 2332 722 2377 moram
758 2306 860 2378 uerbi
892 2305 1217 2404 significationem²
1247 2306 1370 2380 infecti

200 2420 428 2518 participium
448 2421 673 2511 transfertur,
693 2435 732 2494 ut
751 2436 889 2494 ceterae
906 2421 1028 2494 infecti
1048 2421 1149 2494 uerbi
1167 2422 1318 2495 formae.

247 2535 411 2634 Denique
428 2550 482 2609 est
497 2536 594 2634 apud
609 2537 806 2627 Romanos
824 2550 863 2610 ut
880 2538 977 2635 apud
991 2538 1160 2627 Graecos,
1175 2538 1369 2611 uerborum

107 2715 112 2720 .
200 2676 285 2723 usus
317 2652 463 2750 quidam
492 2653 681 2750 poeticuS,
712 2679 784 2751 quo
808 2667 951 2751 tempus
977 2652 1129 2725 alterum
1160 2678 1225 2750 pro
1258 2654 1369 2727 altero

87 2816 90 2822 ,
199 2782 404 2864 usurpatur,
439 2782 478 2840 ut
510 2768 563 2859 fit,
584 2793 666 2840 cum
689 2769 775 2841 dicit
791 2769 973 2866 Vergilius
995 2769 1032 2839 iu
1054 2768 1213 2841 AEnet'cle
1235 2771 1366 2867 9.265:

202 2883 385 2955 «Cratera
405 2873 592 2982 antiquum
613 2909 721 2982 quem
747 2884 811 2957 dot
837 2885 985 2957 Sidonia
1010 2885 1154 2958 Dido.»
1176 2885 1244 2957 Hic
1271 2887 1369 2958 enim

198 2997 262 3069 dut
287 2999 382 3071 idern
404 3014 458 3072 est
484 3014 590 3097 atque
616 2999 726 3089 dedit,
757 3015 818 3072 aut
844 3000 1006 3074 dederat.

160 3169 161 3172 ,
247 3114 345 3186 Haec
381 3114 410 3186 si
449 3115 530 3213 quis
561 3116 731 3205 attendet,
763 3116 891 3200 melius
925 3115 1111 3212 intelleget
1149 3143 1221 3214 quo
1261 3143 1369 3191 seusu

201 3229 398 3327 accipiendi
427 3230 501 3302 sint
531 3230 613 3320 loci,
643 3231 677 3301 iu
699 3231 831 3329 quibus
850 3231 1095 3329 gerundiuum
1114 3232 1239 3305 eodem
1260 3259 1369 3306 sensu

199 3345 285 3442 poni
304 3345 446 3418 uidetur
466 3372 508 3418 ac
519 3347 728 3444 proesentis
742 3347 985 3445 participium.
1005 3390 1053 3401 -·
1071 3347 1256 3420 Eiusmodi
1270 3349 1368 3421 locos

199 3486 260 3532 eos
279 3460 515 3558 proferemus
529 3461 590 3560 qui
601 3475 663 3534 aut
676 3462 713 3532 iu
729 3462 989 3561 antiquissimis
1005 3463 1247 3536 monumentis
1261 3489 1367 3561 repe-

198 3576 352 3665 riuntur,
375 3591 436 3649 aut
456 3577 505 3649 ita
524 3590 610 3649 sunt
628 3591 667 3648 ut
686 3603 762 3650 rem
787 3577 1010 3676 propositam
1027 3578 1184 3650 maxime
1196 3579 1363 3677 probent.

248 3692 368 3765 Primo
385 3692 463 3764 loco
480 3718 520 3765 ea
538 3693 705 3789 ponenda
730 3707 814 3766 suut
833 3693 999 3791 exempla
1016 3720 1108 3792 quae
1122 3695 1365 3792 gerundiuum

160 3898 163 3907 Ι
200 3807 346 3904 perlecti
375 3807 565 3904 participio
589 3822 827 3906 opponenteS,
850 3824 911 3882 aut
933 3835 1014 3883 curu
1036 3809 1158 3882 inlecti
1177 3810 1366 3907 participio

200 3923 472 4020 coniungentes
495 3923 617 3996 inlecti
636 3924 867 4022 participium
885 3951 962 3998 esse
983 3925 1139 3998 maxime
1158 3926 1363 3999 ostendunt.

201 4039 298 4110 Haec
317 4052 436 4111 autem
454 4039 651 4112 maximam
669 4054 809 4136 partem
828 4067 847 4114 e
870 4039 1040 4114 Doss0n³
1069 4055 1242 4139 repetam.

232 4411 255 4460 1.
277 4409 319 4460 Cf.
339 4410 386 4466 sis,
412 4423 482 4473 quae
499 4410 534 4460 de
551 4425 583 4460 ea
600 4424 629 4460 re
650 4409 763 4474 scripsit
778 4409 893 4466 Meisset,
916 4409 1014 4461 Reoue
1036 4410 1071 4460 de
1091 4409 1266 4473 Philoloqie
1290 4411 1367 4462 1897:

200 4483 241 4535 De
254 4485 381 4537 l'aorz'ste
394 4499 429 4535 eu
449 4486 535 4543 latin,
548 4487 643 4543 initio;
657 4489 705 4537 aut
722 4499 793 4548 quae
805 4487 887 4550 posui
899 4487 928 4535 iu
941 4487 1011 4536 meis
1021 4485 1112 4537 Notes
1125 4487 1160 4536 de
1179 4485 1369 4537 Grammatre

201 4560 293 4612 latine
311 4562 367 4624 (ch.
387 4563 440 4623 rut.
462 4562 549 4618 Paris,
569 4563 638 4613 1898.

231 4641 256 4692 2.
277 4641 355 4699 Quod
372 4655 424 4691 nos
442 4641 560 4691 dicimus
580 4659 592 4687 «
610 4641 721 4691 l'action
738 4641 851 4691 verbale
868 4655 936 4703 pure
958 4647 984 4690 et
1008 4641 1106 4704 simple
1123 4658 1148 4690 u.
1172 4640 1213 4690 Cf.
1236 4642 1369 4693 Rmnxnrt

202 4719 229 4767 et
246 4717 384 4782 Gomara,
402 4716 536 4768 Gratum.
558 4729 654 4781 comp.
676 4729 705 4775 11,
719 4720 731 4776 t
744 4717 862 4768 218-219.

231 4799 257 4848 3.
273 4798 397 4853 Dossou,
416 4796 438 4848 t.
456 4810 483 4848 o.
506 4810 536 4859 p.
555 4797 637 4847 30-31.

1318 4909 1331 4953 ³
