3330 5574
644 498 688 543 Du
714 496 861 544 nortona
886 494 1006 543 rurum
1370 492 1410 552 55

245 725 418 798 Goelzer¹
437 725 494 797 hic
512 725 716 822 gerundiuo
732 750 803 797 non
820 724 906 823 quid
928 723 1089 797 futurum
1108 738 1214 813 esset,
1237 725 1300 799 sed
1323 725 1410 824 quid

244 841 321 913 fieri
362 855 555 938 oporteret,
605 840 787 937 designari
817 841 886 935 (les
911 840 1081 938 satt'pues
1116 841 1207 938 qu'il
1231 840 1410 939 faudrait

245 956 378 1029 bientdt
402 957 627 1055 supporter).
648 956 722 1028 Nec
745 956 863 1053 magis
887 981 970 1028 uere
996 956 1116 1028 futuro
1147 982 1255 1029 sensu
1283 957 1412 1056 accipit

244 1098 336 1170 quae
356 1071 493 1144 Tullius
517 1072 576 1166 (de
603 1072 683 1171 Off.
711 1072 807 1168 clip)
827 1071 941 1143 dicit:
970 1097 988 1140 c
1011 1070 1074 1142 Sin
1096 1086 1200 1145 erunt
1221 1072 1407 1147 merita...

245 1188 358 1259 maior
380 1187 557 1286 quaedam
584 1212 668 1259 cura
693 1186 894 1259 adhibenda
918 1200 973 1259 est
991 1213 1032 1277 »3
1055 1200 1090 1259 et
1108 1212 1199 1286 quae
1226 1188 1266 1259 T.
1287 1188 1410 1261 Liuius

245 1330 319 1374 xx1.
333 1303 416 1400 347
437 1329 477 1374 :c
493 1303 588 1375 haud
603 1303 752 1375 dubium
771 1302 866 1392 fecit,
884 1302 985 1401 quin,
1004 1302 1073 1374 nisi
1090 1302 1231 1375 firmata
1244 1303 1408 1393 luissent,

244 1418 375 1515 ingens
396 1419 433 1488 in
456 1443 498 1490 eo
522 1416 614 1491 saltu
639 1418 846 1516 accipienda
861 1417 980 1491 clades
995 1417 1113 1491 luerit.
1131 1446 1149 1490 n
1168 1418 1355 1517 Nusquam
1372 1420 1409 1491 in

245 1534 314 1605 illis
338 1548 372 1607 et
391 1533 569 1606 similibus
593 1533 681 1606 locis
708 1535 910 1631 gerundiuo
937 1534 1024 1632 quid
1044 1533 1218 1626 futurum,
1242 1535 1305 1607 sed
1324 1535 1411 1634 quid

245 1649 484 1722 necessarium
506 1649 564 1739 sit,
588 1650 815 1747 exprimitur.

294 1775 418 1872 ltaque
437 1772 548 1846 futuri
567 1774 740 1871 temporis
755 1774 984 1871 participium
1000 1799 1078 1846 esse
1095 1775 1353 1872 gerundiuum,
1372 1792 1411 1849 ut

245 1890 321 1962 iure
348 1890 576 1987 grammatici
601 1890 662 1989 qni
689 1915 761 1962 non
780 1904 861 1963 ante
884 1890 1028 1962 tertium
1049 1890 1262 1964 christianae
1286 1892 1410 1964 aetatis

246 2005 406 2078 seculum
427 2004 585 2096 fuerunt,
611 2031 675 2103 pro
693 2032 758 2078 sua
783 2018 897 2078 aetate
921 2005 1063 2096 dicunt,
1093 2007 1142 2079 ita
1173 2021 1207 2079 et
1234 2007 1413 2106 antiquis-

246 2121 328 2205 simi
358 2134 398 2193 ut
415 2121 531 2193 Varro
560 2135 593 2194 et
613 2121 862 2210 recentissimi,
894 2135 933 2193 ut
951 2120 975 2191 ii
995 2147 1086 2219 quos
1104 2121 1211 2218 paulo
1231 2136 1313 2195 ante
1332 2122 1412 2194 lau-

246 2237 435 2328 dauimus,
462 2263 527 2335 pro
555 2237 723 2309 uniuersa
757 2236 874 2309 Latini
902 2236 1078 2309 sermonis
1109 2238 1309 2329 memoria,
1335 2239 1411 2312 iure

248 2352 414 2450 negan12.
1208 2338 1224 2371 *

295 2478 336 2549 C.
366 2521 413 2530 -
440 2477 510 2549 Sed
536 2477 647 2548 futuri
678 2477 861 2550 notionem
888 2491 1002 2549 ortam
1023 2503 1100 2550 esse
1127 2504 1170 2551 ex
1191 2479 1412 2552 necessitatis

247 2592 392 2665 notione
407 2617 499 2691 quae
516 2593 553 2664 in
572 2593 766 2690 propositis
785 2592 873 2665 locis
889 2608 1038 2690 apparet
1055 2619 1125 2665 non
1142 2620 1331 2691 negamus.
1350 2596 1414 2668 Est

162 2722 165 2727 ’
247 2707 342 2779 enim
364 2708 455 2781 inter
475 2708 712 2780 necessariam
735 2734 811 2780 rem
839 2722 874 2780 et
900 2708 1057 2781 futuram
1083 2709 1201 2808 aliqua
1230 2711 1409 2807 cognatio.

248 2824 351 2915 Quod
370 2823 465 2895 enim
485 2837 626 2921 oportet
643 2823 717 2913 fiat,
739 2824 776 2896 id
792 2849 863 2896 non
884 2824 990 2896 modo
1011 2824 1172 2897 nondum
1191 2824 1324 2897 factum
1343 2841 1409 2915 est,

247 2939 308 3011 sed
322 2965 368 3011 ne
382 2939 421 3012 lit
435 2939 598 3037 quidem3
625 2939 703 3011 ideo
715 2939 876 3012 futurum
890 2953 1030 3012 tantum
1042 2954 1108 3012 est.
1129 2941 1252 3039 ltaque
1267 2941 1304 3011 in
1319 2941 1412 3013 eius·

246 3054 344 3126 modi
377 3055 537 3143 casibus,
567 3055 784 3151 gerundium
821 3069 916 3127 recte
949 3057 1046 3154 quod
1082 3056 1144 3128 liat
1176 3070 1317 3153 oportet
1352 3071 1413 3128 aut

247 3195 392 3242 necesse
410 3185 477 3259 est,
499 3170 614 3242 obiter
636 3170 732 3269 quod
748 3170 910 3244 futurum
934 3185 989 3243 est
1003 3171 1195 3268 significat.
1219 3172 1315 3244 Haec
1330 3196 1412 3243 cum

246 3285 293 3356 ita
313 3285 397 3375 sint,
428 3287 479 3356 M.
510 3284 604 3357 Tulli
620 3299 654 3358 et
685 3286 726 3357 T.
748 3287 828 3358 Liui
843 3287 1038 3359 sententias
1067 3313 1157 3385 quas
1182 3287 1410 3384 protulimus,

246 3414 281 3472 et
314 3400 400 3472 alias
444 3401 495 3472 eis
540 3401 700 3492 similes,
748 3403 778 3473 si
822 3403 904 3501 quis
944 3403 1163 3496 considerat,
1211 3416 1245 3475 et
1286 3428 1413 3501 parum

246 3530 401 3588 attentus
438 3529 501 3588 ant
541 3542 669 3614 parurn
703 3518 849 3608 doctus,
878 3518 1072 3616 gerundiui
1114 3517 1413 3616 significationem

247 3632 362 3728 magis
377 3658 422 3704 ex
442 3632 610 3705 uniuerso
634 3633 829 3705 uerborum
844 3647 1029 3724 contextu,
1051 3659 1159 3733 quam
1179 3660 1224 3706 ex
1243 3634 1279 3707 ui
1299 3634 1413 3731 ipsius

245 3745 382 3819 formae
396 3748 539 3844 repetit,
554 3749 586 3820 ei
601 3748 844 3844 gerundiuum
857 3748 944 3819 nihil
957 3749 1075 3846 magis
1088 3750 1289 3847 exprimere
1305 3775 1412 3846 quam

246 3861 407 3935 futurum
422 3863 536 3935 uideri
557 3878 685 3960 potest.
704 3863 784 3955 Quo
804 3888 924 3936 errore
944 3865 1084 3961 decepti
1099 3891 1181 3938 cum
1202 3865 1272 3937 sint
1291 3865 1414 3938 erudi-

245 3977 375 4049 tissimi
394 3979 476 4067 uiri,
506 3978 675 4076 deceptos
704 4005 781 4052 esse
810 4005 937 4076 parum
957 3979 1148 4077 diligentes
1167 3981 1360 4078 scriptores
1379 3994 1414 4053 et

247 4093 379 4190 uulgus
411 4093 597 4178 indoctum
630 4095 711 4194 quis
739 4096 921 4168 miretur?
950 4097 998 4167 Ea
1034 4096 1092 4168 uia
1126 4096 1260 4169 factum
1290 4111 1345 4169 est
1374 4112 1414 4169 ut

247 4209 504 4307 gerundiuum,
533 4209 578 4281 ad
598 4211 874 4308 exprimendum
895 4211 1070 4298 futurum,
1108 4213 1204 4310 quod
1224 4211 1413 4284 uidebatur

246 4325 461 4423 exprimere,
484 4325 724 4399 adhiberetur.

1200 4531 1411 4541 —-——.

277 4652 301 4703 1.
323 4652 454 4701 Rmunnx
467 4655 494 4701 et
511 4653 649 4713 Gonnznn,
665 4651 800 4704 Gramm.
819 4664 916 4715 comp.
933 4665 960 4710 11,
979 4654 1081 4705 631.1v.

276 4732 302 4780 t.
324 4732 366 4781 Cf.
389 4732 520 4781 Rmnnxx
532 4736 560 4782 et
573 4732 713 4791 Goumara,
726 4745 755 4791 11,
766 4734 867 4784 63l.1v.
881 4734 982 4783 «Dans
997 4747 1087 4783 aucun
1101 4747 1158 4807 cas,
1172 4733 1306 4796 l’adjectis
1317 4736 1411 4786 verbal

246 4819 280 4855 en
294 4806 388 4858 -nduc
401 4808 446 4857 n'a
457 4809 523 4858 cheu
538 4808 578 4858 les
594 4808 664 4859 bons
677 4807 816 4859 ecrivains
834 4809 859 4859 le
873 4821 938 4858 sens
956 4809 1020 4859 d'un
1033 4810 1170 4874 participe
1185 4810 1261 4860 futur
1274 4812 1365 4875 passis
1371 4852 1376 4864 .
1398 4829 1410 4859 n
