3330 5574
626 554 831 603 PROOEMIUM
1292 548 1316 606 3

146 803 252 876 spero
264 803 389 850 omnes
403 777 629 850 difficultates
642 777 734 849 solui
749 802 867 874 posse,
881 777 928 849 ita
941 801 1046 874 posse
1056 775 1314 873 impedimenta

146 899 321 998 quaedam
341 899 532 989 remoueri,
565 901 659 972 unde
689 900 834 972 fortuna
866 900 1059 997 gerundiui
1083 925 1175 997 quae
1208 899 1315 971 fuerit

147 1037 331 1122 appareat,
359 1024 476 1097 aditus
509 1024 668 1096 securior
696 1025 741 1097 ad
769 1025 979 1097 soluendam
1007 1024 1049 1096 de
1076 1024 1153 1095 eius
1179 1022 1316 1095 formac

114 1244 117 1252 Ι
147 1149 288 1246 origine
310 1149 556 1247 quaestionem
578 1162 708 1246 pateat.

197 1348 267 1421 Sed
286 1348 369 1420 huic
387 1348 619 1446 disputationi
648 1348 888 1421 instituendae
914 1347 1042 1421 melius
1070 1347 1221 1420 fortasse
1257 1347 1316 1420 uia

150 1471 347 1563 munietur,
383 1474 413 1545 si
447 1474 623 1571 quaedam
659 1473 759 1570 prius
784 1497 1128 1562 commemorauer0‚
1155 1496 1247 1569 quae
1272 1497 1316 1542 ex

150 1597 366 1694 scriptorum
405 1596 505 1669 libris
542 1598 754 1695 deprompta
793 1596 972 1668 historicis
1012 1596 1116 1668 etiam
1155 1608 1318 1668 constare
1348 1660 1349 1663 ,

151 1721 395 1794 monumentis
411 1721 590 1794 uidentur.
609 1722 706 1794 Haec
721 1721 784 1819 qui
798 1720 944 1792 babebit
958 1720 1061 1818 quasi
1074 1720 1111 1789 in
1123 1733 1318 1815 conspectu

150 1844 260 1916 animi
288 1845 419 1943 posita,
443 1846 473 1918 is
500 1846 587 1944 quid
612 1845 749 1918 ratione
771 1858 805 1918 et
831 1843 1033 1916 coniectura
1054 1843 1317 1941 assequendum

149 1983 344 2061 remaneat,
365 1970 493 2042 melius
513 1969 714 2068 perspiciet.

201 2104 353 2176 Formae
371 2103 484 2200 igitur
503 2103 540 2173 in
554 2103 645 2175 -no'o
668 2103 862 2176 desinentis
884 2128 975 2201 quae
995 2102 1138 2174 fortuna
1158 2100 1264 2172 fuerit
1288 2101 1319 2172 si

153 2225 233 2324 quis
266 2227 473 2323 inuestigat,
496 2226 660 2299 ordinem
692 2240 896 2325 temporum
929 2252 949 2298 a
985 2224 1245 2323 posterioribus
1275 2226 1320 2297 ad

154 2349 274 2447 priora
287 2364 467 2448 repetens,
485 2351 515 2421 is
531 2351 628 2423 uidet
640 2352 677 2422 in
690 2350 898 2422 nouissimis
911 2348 1133 2446 temporibus
1147 2347 1320 2445 plurimas

153 2473 264 2547 fuisse
285 2474 566 2571 significationes
580 2502 588 2566 3
606 2476 643 2546 in
659 2473 905 2573 superioribus
919 2473 1093 2571 quasdam
1110 2498 1233 2544 earum
1248 2497 1320 2543 non

154 2624 377 2696 comparere,
408 2624 540 2695 paucas
576 2624 776 2689 remanere,
811 2598 847 2668 in
880 2597 1012 2695 quibus
1041 2597 1086 2669 de
1116 2596 1252 2668 formae
1285 2595 1321 2667 ui

154 2722 369 2821 primigenia
391 2723 582 2820 disceptari
601 2723 727 2820 possit.

202 2856 294 2927 Nam
311 2856 421 2928 uerba
435 2882 547 2953 opere
561 2870 596 2928 et
609 2854 725 2953 sequi,
745 2855 776 2927 si
790 2836 947 2950 exempli
967 2878 1074 2925 causa
1091 2853 1319 2943 adhibentur,

153 2980 295 3052 soeculo
315 2991 400 3077 post
422 2979 608 3052 Christum
633 2980 721 3071 Illo,
748 2982 970 3079 apertiores
995 3005 1053 3052 res
1079 2992 1133 3051 est
1151 3003 1243 3075 quae
1262 2990 1324 3049 aut

155 3104 314 3201 agetur,
336 3116 398 3175 aut
415 3102 475 3200 agi
495 3103 612 3194 debet,
630 3105 832 3202 sequendae
849 3105 931 3176 uiae
949 3103 1046 3202 finis
1064 3102 1147 3174 finis
1170 3116 1224 3174 est
1243 3101 1323 3174 uiae

155 3253 262 3326 quam
287 3225 367 3325 quis
387 3240 567 3325 sequetur,
590 3241 652 3299 aut
670 3228 771 3326 sequi
793 3228 911 3318 debet,
935 3242 996 3301 aut
1011 3228 1184 3324 sequitur.
1207 3225 1324 3297 Habet

156 3352 262 3445 etiam
278 3352 430 3424 uerbum
452 3377 586 3449 sequor
605 3351 710 3423 aliam
730 3353 921 3449 gerundiui
941 3352 1107 3441 formam,
1133 3349 1321 3440 secundun,

158 3502 229 3574 qua
254 3475 343 3548 ordo
377 3474 534 3546 maxime
570 3475 779 3567 indicatur3
818 3490 852 3548 et
888 3475 1107 3573 gerundium
1143 3472 1329 3570 (sequendi

158 3599 352 3699 sequendo)
369 3600 466 3697 quod
481 3613 541 3671 aut
551 3599 649 3671 nullo
665 3626 747 3672 cum
763 3600 916 3690 obiecto,
928 3614 988 3671 aut
1001 3597 1227 3697 saepissime2
1242 3622 1324 3668 cum

159 3723 289 3798 obiecti
305 3723 510 3796 accusatiuo
526 3748 610 3796 casu
638 3724 783 3821 ponitur
801 3749 809 3794 :
843 3711 1025 3822 sequendo*
1041 3721 1151 3794 ulum.
1166 3718 1329 3817 Aupusti

163 3860 294 3938 aetate,
316 3848 462 3921 eaedem
481 3847 763 3946 significationes
776 3849 874 3938 sunt,
897 3847 967 3918 nisi
987 3848 1083 3944 quod
1101 3844 1212 3918 futuri
1227 3834 1325 3915 notio

160 3971 319 4071 (operculo
340 3997 398 4043 res
417 4017 444 4033 =
471 3973 506 4044 lo
529 3972 633 4044 chose
654 3971 723 4070 qui
745 3973 901 4071 cesara)
928 3971 998 4042 iam
1029 3996 1099 4042 nou
1128 3981 1323 4065 comparet.

160 4096 434 4185 Plautianum,
452 4096 548 4168 idem
567 4121 653 4168 usus
673 4096 787 4193 uiget,
804 4096 867 4168 sed
880 4110 966 4168 tunc
981 4093 1142 4192 repandus
1160 4092 1328 4165 scribitur

165 4221 376 4318 plerumque
396 4218 596 4317 aquantur,
624 4219 824 4318 sequendus
848 4233 966 4292 autem
990 4219 1145 4291 litteram
1170 4243 1189 4288 e
1214 4241 1328 4288 nonu

200 4501 223 4550 1.
245 4499 288 4550 ct.
310 4501 481 4549 annnnnet
496 4499 636 4557 Gomara,
655 4497 788 4550 Gramm.
806 4499 971 4562 compca,
990 4508 1030 4547 ιν.

193 4589 218 4637 2.
240 4589 283 4638 cf.
305 4589 504 4645 Wnrswnnna
525 4587 546 4639 l.
567 4587 587 4639 l.
603 4601 632 4652 p.
652 4587 706 4639 111.

193 4677 219 4727 3.
235 4677 275 4727 Cf.
290 4678 497 4734 Hcanunaarm
508 4675 644 4728 Gerunda·
650 4677 677 4726 et
688 4674 859 4727 Gerundiut
869 4674 949 4740 apurt
959 4673 1102 4727 Plautum
1114 4672 1333 4737 etcoprianum

167 4768 257 4806 usum
271 4757 469 4819 comparauit.
488 4759 587 4820 Prag.,
608 4755 675 4819 teet)
693 4755 731 4817 (in
747 4755 851 4818 Preger
864 4756 939 4807 stud.
958 4755 1006 4806 iib.
1025 4755 1055 4805 d.
1070 4755 1103 4805 G.
1123 4754 1172 4804 der
1187 4753 1230 4804 Kl.
1246 4752 1336 4803 Alter-

161 4835 276 4894 thumw,
292 4836 396 4894 herta,
408 4851 439 4900 p.
456 4837 491 4899 t.)
