3330 5574
654 1316 1009 1406 EPILOGUS

295 2017 368 2088 lam
394 2015 480 2089 illuc
504 2019 598 2091 unde
626 2043 751 2092 sumus
780 2015 928 2115 profecti
952 2015 1179 2086 reuertimus.
1212 2016 1303 2088 Nam
1329 2040 1411 2088 cum

244 2131 379 2205 formae
398 2133 434 2203 in
451 2133 564 2205 -nelus
584 2133 777 2206 desinentis
805 2131 985 2204 fortunam
1005 2131 1143 2202 uariam
1168 2156 1187 2202 a
1212 2131 1411 2227 posteriore

245 2262 358 2320 aetate
385 2248 430 2320 ad
449 2249 604 2346 priorem
629 2248 784 2346 regressi
804 2260 1059 2344 repeteremuS,
1090 2271 1194 2317 usum
1218 2245 1315 2319 hunc
1337 2272 1411 2345 quo

236 2364 411 2461 sutorum
427 2364 610 2461 exprimit,
623 2390 694 2437 non
707 2364 798 2436 ultra
813 2361 1011 2435 secundum
1022 2375 1102 2458 post
1116 2361 1299 2435 Christum
1311 2387 1413 2435 secu-

245 2478 320 2550 lum
339 2479 517 2575 pertinere
540 2479 710 2568 uidimuS,
732 2478 811 2551 illos
832 2502 917 2549 uero
935 2475 1066 2574 quibus
1085 2476 1171 2575 quid
1183 2477 1281 2576 steri
1300 2504 1412 2577 opor-

245 2605 332 2683 tent,
352 2593 409 2665 uel
425 2594 510 2692 quid
518 2595 611 2694 fiat,
627 2594 684 2667 uel
701 2594 816 2692 ipsam
836 2591 939 2665 uerbi
952 2591 1259 2691 significationem
1278 2593 1408 2684 reddit,

246 2708 494 2806 antiquissime
517 2710 685 2800 inueniri,
706 2709 775 2781 nisi
794 2708 890 2808 quod
909 2732 975 2779 nec
994 2707 1212 2804 gerundium
1237 2708 1274 2778 in
1296 2709 1412 2781 Osco-

244 2850 323 2897 rum
339 2839 373 2897 et
390 2825 611 2898 Umbrorum
630 2850 809 2915 sermone,
831 2848 896 2895 nec
908 2823 1152 2920 gerundiuum
1166 2823 1411 2897 necessitatem

245 2941 465 3037 exprimens,
480 2941 515 3011 in
529 2941 676 3013 Latinae
688 2941 832 3038 linguae
846 2938 1020 3037 reliquiis,
1037 2952 1119 3011 ante
1134 2939 1250 3012 Plauti
1260 2953 1412 3012 aetatem

244 3054 439 3128 inuenitur.
464 3057 518 3127 Ex
536 3057 591 3128 his
608 3056 799 3128 uerisimile
814 3080 897 3127 cum
917 3069 1011 3126 esset
1025 3054 1219 3151 gerundiui
1235 3055 1412 3154 antiquis·

139 3190 141 3194 ·
246 3169 377 3242 simum
398 3197 504 3244 usum
522 3197 605 3244 eum
623 3170 734 3243 fuisse
753 3196 824 3268 quo
844 3169 930 3268 quid
938 3170 1067 3269 fieret,
1085 3185 1146 3242 aut
1161 3171 1294 3244 nudum
1310 3169 1416 3243 uerbi

245 3284 549 3384 significationem
576 3287 794 3383 designaret,
816 3285 899 3358 inde
923 3285 968 3357 ad
992 3285 1280 3357 recentissimum
1306 3312 1412 3358 usum

245 3401 348 3496 quasi
362 3401 616 3474 descendentes
628 3402 727 3489 haec,
743 3427 834 3499 quae
849 3401 1076 3490 uidebantur,
1093 3400 1273 3497 explicare
1293 3402 1411 3473 conati

246 3539 398 3587 sumus:
424 3517 525 3589 initio
545 3516 648 3589 uerbi
669 3515 857 3615 restemiut‘,
884 3516 1064 3588 interdum
1087 3515 1231 3612 passiue
1246 3516 1409 3604 adhibiti,

246 3628 357 3703 fuisse
368 3632 596 3729 participium
608 3632 703 3730 quod
716 3633 887 3729 insertam
903 3631 1080 3704 actionem
1093 3631 1327 3728 exprimeret3
1345 3631 1413 3704 hoc

248 3746 391 3840 passiue
406 3746 482 3818 sine
493 3747 654 3819 subiecto
669 3746 868 3818 adhibitum
883 3744 1018 3818 factum
1030 3745 1265 3843 gerundium,
1285 3758 1412 3817 etcum
1480 3778 1483 3783 ·

247 3859 1413 3960 subiectousurpatuminquibusdamstructurisquidquisfacere

246 3974 390 4049 deberet
407 3978 706 4075 exprimentibus,
718 3976 938 4050 necessitatis
951 3977 1134 4049 notionem
1151 3976 1409 4073 assumpsisse3

248 4118 293 4164 ex
307 4118 391 4189 qua,
403 4094 548 4190 passiua
564 4120 646 4166 cum
662 4107 768 4183 esset,
781 4091 895 4164 etalio
913 4118 978 4164 usu
992 4092 1152 4189 passiuo,
1168 4092 1216 4165 ita
1232 4117 1411 4190 propaga·

245 4221 320 4279 tam
339 4209 528 4304 possr'nom
549 4209 861 4306 significationem,
888 4221 928 4280 ut
947 4208 1064 4286 actiua
1090 4208 1153 4280 uix
1176 4222 1281 4307 atque
1305 4233 1411 4306 aegre

246 4322 282 4392 in
314 4323 541 4421 paucissimis
575 4324 699 4396 formis
731 4337 951 4414 remaneret,
987 4349 1077 4422 quae
1110 4324 1268 4422 primum
1305 4349 1411 4396 usum

245 4451 461 4510 testarentur
475 4466 483 4529 ;
513 4453 734 4536 postremoe
760 4438 905 4536 passiuo
932 4440 1124 4535 gerundiui
1148 4466 1227 4530 usu,
1250 4464 1291 4511 ea
1319 4464 1410 4536 quae

248 4552 323 4623 fieri
342 4553 513 4626 deberent
531 4555 581 4626 eis
598 4580 689 4652 quae
709 4555 780 4627 iam
799 4553 892 4627 facta
912 4567 1032 4626 essent
1051 4570 1269 4653 opponente,
1294 4567 1410 4626 ortam
1460 4592 1463 4598 ·

247 4692 325 4740 esse
334 4669 467 4766 sutori
478 4671 675 4761 notionem,
691 4695 784 4769 quac
798 4696 871 4742 non
888 4683 969 4742 ante
984 4671 1180 4743 secundum
1196 4670 1411 4743 christianae

247 4784 373 4856 aetatis
392 4785 553 4858 seculum
573 4799 810 4884 compareret.

1352 4938 1367 4979 8
