3330 5574
245 495 285 554 26
530 502 574 546 nn
601 499 788 547 onnunnrvr
813 500 881 546 usu
907 500 1118 547 nncnnrronn

246 743 279 801 et
306 727 522 826 gerundium
552 726 667 799 lactus
696 727 759 817 sit,
792 740 826 799 et
860 727 1031 824 paulatim
1065 727 1201 799 formae
1233 726 1270 797 in
1298 726 1411 799 -nduc

246 844 440 916 desinentis
462 869 567 915 usum
583 842 951 934 actiuumexcluserit,
961 856 995 915 et
1005 868 1118 915 nouas
1129 843 1411 940 significationes

245 959 492 1056 assumpserit,
511 960 581 1031 iam
597 958 750 1032 dicetur.

611 1511 784 1584 CAPUT
828 1506 1044 1582 PRIMUM

246 1762 472 1810 GERUNDlVUM
487 1763 655 1809 PASSIVUM
673 1762 747 1808 SlNll
766 1762 875 1808 suntne
881 1762 915 1808 TO
933 1763 1122 1808 ADHIBITUM
1138 1762 1341 1808 GERUNDIUM
1360 1764 1412 1807 FlT

295 1975 338 2046 Α.
367 1975 486 2046 —De
506 1975 673 2072 gerundii
695 1975 835 2072 origine
860 1976 1060 2048 doctrinam
1081 2001 1101 2047 a
1120 1975 1384 2048 Weissenborn
1401 1975 1412 2017 ¹

246 2115 342 2162 anno
364 2090 470 2162 huius
490 2089 622 2162 saeculi
642 2091 920 2188 quadragesimo
940 2105 1067 2188 quarto
1088 2090 1312 2187 propositam
1333 2090 1412 2188 ple-

245 2206 347 2302 rique
360 2205 587 2302 grammatici
601 2206 815 2303 accipientes
835 2205 1012 2284 docebant
1031 2205 1238 2302 primariam
1259 2205 1413 2277 formam
1440 2266 1444 2271 .

245 2320 477 2417 gerundium,
493 2320 690 2392 deriuatam
705 2321 948 2417 gerundiuum
963 2342 1041 2392 esse
1061 2346 1143 2392 cum
1158 2320 1414 2393 Weisweiter2

245 2434 394 2507 omnino
408 2436 583 2507 contraria
598 2437 758 2508 docenda
774 2436 973 2525 admonuit,
985 2436 1155 2508 nimirum
1169 2435 1413 2534 gerundiuum

245 2550 397 2622 formam
431 2550 678 2648 principalem,
702 2551 919 2648 gerundium
949 2567 1067 2624 autem
1097 2551 1186 2623 nihil
1211 2551 1309 2623 aliud
1337 2577 1414 2624 esse

245 2666 316 2737 nisi
343 2665 439 2737 illius
463 2691 568 2737 usum
592 2666 884 2763 impersonalem.
912 2668 957 2738 Et
988 2667 1201 2739 sententiam
1231 2693 1334 2739 suam
1364 2667 1411 2738 ita

245 2781 368 2852 multis
387 2780 554 2878 probauit
576 2782 804 2854 doctissimus
836 2782 903 2872 uir,
936 2795 974 2853 ut
1003 2783 1065 2880 qui
1094 2782 1340 2855 recentissime
1368 2783 1413 2854 de

246 2921 287 2967 ea
306 2890 512 2993 quaestione
532 2896 775 2993 disputarint³
793 2896 826 2968 ei
846 2898 1116 2969 assentirentur.

293 3010 382 3082 Mihi
401 3026 533 3101 autem,
553 3025 591 3082 ut
607 3011 746 3084 uidetur
762 3013 872 3085 multa
894 3013 991 3085 dere
1011 3013 1156 3110 egregie
1171 3012 1412 3110 disputauisse

244 3127 486 3216 Weisweiler,
509 3127 556 3199 ita
580 3141 700 3198 tamen
725 3128 892 3200 uniuersa
916 3154 980 3200 sua
996 3128 1158 3200 doctrina
1174 3129 1218 3200 de
1244 3128 1359 3199 forma
1374 3129 1411 3198 in

244 3242 352 3314 ndns
371 3255 524 3314 exeunte
545 3241 669 3332 lalsuS,
696 3244 872 3342 quaedam
897 3245 941 3316 de
962 3244 1130 3341 gerundii
1151 3243 1413 3340 significatione

246 3385 323 3449 non
338 3359 425 3431 satis
440 3384 525 3431 uera
545 3359 728 3455 professus
742 3373 808 3450 est,
830 3385 896 3431 nec
910 3360 989 3457 ipsa
1009 3360 1085 3432 eius
1100 3360 1210 3457 origo
1223 3359 1310 3432 satis
1330 3359 1413 3430 dili-

246 3490 372 3572 genter
395 3500 464 3572 qua
492 3474 550 3545 uia
576 3475 791 3573 processerit
817 3475 1023 3572 explicauit.

294 3591 391 3662 Haec
410 3590 506 3666 enim
534 3590 641 3662 habet
668 3591 744 3662 eius
776 3591 958 3662 doctrinae
980 3591 1024 3662 de
1044 3591 1222 3686 gerundio
1242 3615 1409 3662 summa:

249 3731 268 3776 <r
288 3706 520 3801 Praepostere
538 3705 629 3777 dici4
650 3731 670 3776 a
692 3705 813 3777 multis
833 3720 1030 3777 structuras
1050 3706 1271 3801 gerundiuas
1298 3705 1413 3804 (eupi-

245 3820 339 3892 ditoc
353 3819 440 3891 libri
450 3819 607 3918 lependi)
620 3847 639 3891 a
652 3820 830 3917 gerundio
841 3846 922 3892 cum
934 3821 1072 3893 obiecto
1089 3821 1204 3918 posito
1217 3820 1412 3919 (cupiditas

246 3935 375 4008 librum
403 3934 560 4034 leqendi)
580 3951 677 4008 ortas
700 3962 791 4027 esse,-
819 3961 900 4008 cum
926 3936 1144 4033 gerundium
1167 3962 1249 4008 cum
1273 3935 1413 4009 obiecto

246 4051 402 4149 positum
428 4077 510 4123 raro
533 4065 686 4143 tantum,
715 4066 750 4124 et
777 4051 883 4124 certis
915 4051 1185 4124 condicionibus
1206 4066 1411 4151 usurpetur,

245 4167 462 4265 gerundium
483 4192 569 4239 uero
586 4167 622 4238 in
648 4167 779 4239 ltalicis
806 4167 965 4239 dialectis
993 4192 1065 4238 non
1093 4167 1308 4240 inueniatur.
1337 4170 1411 4240 lam

278 4484 301 4531 1.
337 4483 557 4540 Wnrssnnaonn,
596 4481 637 4533 De
672 4480 825 4534 Gerundt'o
856 4487 882 4534 et
919 4484 1089 4546 perendino
1123 4485 1247 4536 Latinae
1277 4484 1410 4549 linquae.

247 4559 365 4615 leonaci,
385 4560 455 4610 1814.

276 4640 301 4688 2.
318 4639 520 4696 wasnaum,
534 4638 554 4689 1.
572 4637 593 4688 l.
610 4653 637 4701 p.
650 4638 749 4688 75112.

276 4721 301 4770 3.
318 4720 477 4776 Lnannron,
494 4719 514 4768 t.
536 4717 557 4769 1.
578 4731 607 4782 p.
628 4719 658 4768 28
677 4718 741 4780 [163]
756 4733 762 4778 ;
780 4718 920 4778 Pcnssorc
935 4719 956 4770 t.
973 4721 991 4771 t.
1010 4733 1038 4783 p.
1056 4720 1110 4771 119.

277 4800 302 4850 1.
324 4801 526 4862 Wnrswmunn,
546 4798 567 4848 l.
587 4798 608 4848 1.
627 4812 655 4862 p.
674 4798 713 4855 82,
731 4800 769 4861 89,
787 4799 826 4859 95,
844 4799 899 4850 130.
