3330 5574
272 550 309 609 tt
354 571 357 575 ⁴
559 556 604 601 nn
630 555 819 603 cununnivi
844 557 880 601 vi
905 555 1147 620 uurrpmssuuu

204 844 206 849 .
271 778 408 850 dicetur
429 779 550 869 modo,
572 793 849 875 assumpserunt
857 806 866 869 ;
893 793 932 851 ut
951 792 1085 869 autem,
1112 780 1238 852 ceteris
1258 781 1441 877 passiuam

271 893 573 990 significationem
601 894 882 984 assumentibus,
905 894 972 966 hae
1000 893 1136 967 formae
1167 896 1304 968 actiuae
1327 921 1444 967 rema-

272 1022 409 1097 nerent,
442 1008 529 1081 illud
555 1009 712 1081 maxime
737 1009 854 1080 effecit
874 1011 971 1107 quod
996 1024 1142 1106 propter
1168 1036 1273 1083 usum
1294 1011 1444 1083 attribu·

269 1124 384 1196 tiuum
414 1123 742 1221 frequentissimum
766 1123 883 1220 magis
912 1124 1088 1197 adiectiua
1116 1151 1225 1222 quam
1255 1125 1443 1222 participia

270 1265 348 1312 esse
365 1239 590 1310 uidebantur.
610 1241 745 1336 ltaque,
766 1239 851 1310 dum
868 1240 905 1309 in
913 1238 1148 1337 participiali
1160 1266 1240 1331 usu,
1257 1241 1442 1338 passiuum

270 1379 416 1427 sensum
443 1353 559 1425 forma
581 1354 616 1424 in
639 1355 772 1426 -undus
793 1354 919 1445 (nidor
934 1355 1101 1452 ferundo
1118 1357 1253 1452 fructu
1275 1355 1441 1453 peribit),

270 1469 429 1540 actiuum
462 1468 578 1539 forma
604 1469 640 1538 in
672 1494 755 1540 -ens
789 1469 920 1563 (orbor
943 1471 1075 1566 serens
1106 1472 1269 1562 fructum
1306 1470 1440 1564 nullo),

270 1598 435 1681 occupat,
472 1584 539 1655 hae
578 1583 727 1672 formae,
771 1583 984 1656 attributiue
1024 1595 1089 1655 cut
1125 1583 1298 1656 odt'eetiue
1334 1611 1443 1656 usur-

264 1710 379 1796 potoe
399 1697 568 1790 (secundo
588 1697 717 1794 spolio,
740 1697 917 1770 uoluendo
944 1709 1059 1787 cetos,
1080 1710 1132 1769 est
1158 1698 1212 1770 clia
1236 1698 1440 1788 oriundus),

271 1839 417 1885 sensum
444 1815 602 1898 actiuum
630 1838 750 1904 suum,
781 1830 1010 1909 ueteremque
1040 1813 1207 1909 figuram,
1225 1813 1312 1903 olio,
1337 1826 1377 1885 ut
1395 1814 1443 1885 ita

189 1951 191 1955 ·
270 1928 414 2017 dicam,
450 1929 739 2026 transferentes,
767 1940 1023 2000 seruauerunt.
1058 1973 1107 1981 —
1144 1928 1250 2020 Quod
1285 1929 1333 2000 ita
1366 1928 1441 2000 fieri

273 2043 430 2140 potuisse
450 2043 577 2115 similis
599 2043 710 2115 nostri
731 2043 908 2114 sermonis
928 2068 1014 2114 usus
1038 2043 1204 2116 ostendit.
1231 2043 1324 2114 Nam
1347 2058 1382 2116 et
1406 2043 1442 2114 in

272 2158 408 2230 Gallica
426 2158 553 2255 lingua
585 2184 702 2255 genus
735 2158 917 2256 quoddam
938 2158 1117 2255 participii
1137 2159 1206 2230 alio
1232 2158 1444 2231 excludente
1474 2188 1475 2191 ¹

271 2273 388 2370 periit,
409 2275 521 2372 ,quod
553 2273 663 2346 fuisse
697 2274 880 2372 quondam
913 2287 990 2345 orta
1025 2299 1070 2345 ex
1111 2298 1153 2345 eo
1195 2274 1370 2346 adiectiua
1387 2274 1442 2346 uel

273 2388 498 2461 substantioe
516 2389 662 2460 nomina
680 2402 869 2461 testantur.
894 2391 947 2459 Ex
968 2389 1093 2461 eadem
1112 2388 1207 2461 enim
1226 2389 1346 2461 radice
1366 2403 1445 2461 orta

271 2530 349 2576 esse
382 2529 488 2575 nemo
526 2504 640 2574 nescit
673 2518 707 2575 et
750 2503 937 2600 participia
970 2503 1178 2600 differunt,
1211 2503 1441 2600 e'qut'uolont,

271 2618 465 2706 ezecellont,
489 2631 523 2689 et
548 2617 724 2690 adiectiua
758 2617 814 2688 uel
842 2617 989 2688 nomina
1013 2617 1203 2715 different,
1225 2618 1441 2715 e'quiuclent,

272 2732 408 2804 eaeeelle
435 2744 460 2804 t.
482 2734 529 2803 At
557 2746 708 2830 utraque
737 2756 819 2804 cum
846 2758 891 2803 ex
919 2733 1055 2804 eisdem
1078 2733 1278 2829 participiis
1307 2732 1444 2805 Latinis

271 2848 309 2918 in
321 2872 400 2918 -ens
415 2847 661 2919 desinentibus
676 2846 854 2943 originem
870 2847 1038 2920 duxerint
1057 2857 1118 2940 (sc.
1136 2872 1181 2919 ex
1196 2847 1441 2945 differentem,

271 2961 572 3059 aequipotentem,
604 2962 851 3054 eaeeellentem)
882 2961 958 3032 fieri
984 2961 1136 3033 debehat
1165 2975 1204 3033 ut
1230 2987 1301 3034 non
1326 2961 1442 3034 solum

271 3059 460 3165 adiectiua,
483 3077 546 3148 sed
570 3076 676 3148 etiam
699 3076 901 3173 partieipia,
928 3076 965 3146 in
983 3088 1040 3148 ent
1064 3064 1307 3149 desinerent.
1337 3077 1444 3149 Nunc

270 3192 414 3274 eumad
435 3190 535 3263 uerbi
555 3216 685 3263 amore
703 3191 989 3280 similitudinem,
1011 3191 1170 3289 reliquae
1187 3191 1444 3264 declinationes

271 3306 594 3395 conformarentur,
618 3305 751 3377 factum
778 3319 831 3377 est
853 3306 960 3378 etiam
984 3319 1023 3377 ut
1043 3306 1086 3378 ad
1104 3318 1284 3379 umentem
1306 3306 1444 3405 reliqua

269 3421 457 3519 participia
478 3421 598 3492 omnia
618 3420 914 3493 reformarentur.
934 3421 1034 3512 Quae
1049 3420 1269 3510 reformatio,
1287 3422 1384 3519 quod
1398 3422 1443 3493 ad

271 3536 458 3633 participia
475 3536 615 3625 attinet,
633 3536 680 3607 ita
699 3536 908 3633 principalis
932 3550 1039 3633 atque
1059 3536 1229 3608 uniuersa
1257 3537 1294 3607 in
1318 3551 1442 3608 nostro

271 3677 437 3724 sermone
472 3651 564 3742 fuit,
599 3666 638 3723 ut
672 3650 811 3723 nullum
859 3651 1059 3748 reperiatur
1099 3650 1277 3748 participii
1310 3651 1347 3721 in
1384 3663 1443 3723 ent

271 3766 466 3840 desinentis
497 3767 713 3863 uestigium,
745 3765 814 3837 nisi
845 3767 942 3862 quod
970 3765 1151 3837 odt'eett'uu
1186 3765 1366 3862 quaedum
1400 3791 1443 3837 oc

271 3881 499 3954 substantioe
535 3881 691 3970 nomino,
718 3881 815 3952 uelut
848 3906 888 3951 ea
920 3905 1012 3977 quae
1040 3880 1146 3976 paulo
1179 3894 1261 3951 ante
1293 3881 1439 3976 protuli,

274 4097 1442 4108 ffl——ffl—

303 4229 326 4279 l.
346 4229 386 4279 ct.
408 4228 534 4285 Faunos,
561 4225 696 4278 Gratum.
713 4225 846 4277 Histoire
867 4227 903 4277 de
921 4227 948 4277 ta
966 4226 1075 4288 taupue
1090 4227 1248 4289 franceise,
1268 4231 1280 4286 ἓ
1298 4228 1352 4278 359.
1376 4231 1441 4279 «Le
1484 4272 1487 4277 .

274 4305 410 4368 participe
422 4302 638 4366 presentn'etait
651 4315 701 4364 pas
714 4301 857 4364 identique
870 4316 904 4352 en
916 4301 985 4352 latin
995 4303 1166 4351 danstoutes
1178 4301 1219 4351 les
1230 4303 1442 4365 conjugaisons.

274 4382 313 4430 La
326 4378 462 4443 premiere
480 4377 557 4428 seule
573 4377 649 4427 avait
664 4390 700 4426 un
718 4377 854 4440 participe
872 4391 906 4426 en
922 4389 986 4433 ans,
1005 4379 1104 4427 antem
1120 4391 1126 4437 ;
1145 4376 1185 4426 les
1202 4380 1295 4426 autres
1312 4376 1443 4428 l'avaient

272 4469 306 4504 en
324 4467 385 4516 ens,
412 4456 522 4504 entem.
547 4453 708 4504 Amantem
727 4452 761 4502 de
779 4452 807 4502 la
823 4451 957 4516 premiere
980 4451 1075 4501 devait
1098 4452 1169 4507 donc
1186 4451 1292 4500 donner
1312 4455 1416 4502 amant
1435 4468 1441 4514 ;

271 4532 443 4581 currentem
469 4530 503 4579 de
527 4528 555 4577 la
581 4527 725 4578 troisieme
752 4527 846 4577 devait
866 4527 972 4576 donner
993 4529 1108 4577 curent.
1137 4527 1207 4576 Mais
1231 4538 1266 4574 on
1289 4538 1323 4574 ne
1345 4529 1441 4576 trouve

273 4618 381 4657 aucune
399 4610 472 4654 trace
488 4604 637 4654 deformes
655 4601 847 4666 participiales
867 4615 900 4650 en
918 4605 979 4654 ent.
1009 4601 1063 4651 Des
1080 4601 1214 4664 longine,
1230 4602 1292 4649 tous
1306 4601 1346 4650 les
1358 4602 1441 4664 parti-

275 4682 361 4744 cipes,
380 4679 396 4729 e
418 4678 536 4742 quelque
554 4680 743 4742 conjugatson
759 4677 950 4741 qu'appartint
966 4676 992 4726 le
1010 4676 1103 4734 verbe,
1121 4681 1169 4724 ont
1185 4675 1228 4724 ete
1243 4674 1377 4725 reformes
1395 4691 1442 4727 sur

273 4756 313 4806 les
329 4755 482 4818 participes
498 4755 546 4804 des
560 4753 657 4803 verbes
677 4754 711 4803 de
725 4753 751 4802 la
764 4752 910 4816 premiere,
925 4754 954 4802 et
966 4765 995 4801 se
1011 4755 1075 4801 sont
1086 4749 1300 4800 uniformement
1310 4751 1441 4802 termines

273 4845 307 4882 en
326 4833 389 4883 ant.
411 4847 423 4876 u
