3330 5574
233 565 273 625 60
733 569 896 619 mnocns

284 799 389 891 Quod
423 800 469 872 ad
504 798 741 896 posteriorem
774 824 859 872 uero
896 825 1001 872 usum
1038 798 1183 888 attinet,
1220 797 1400 896 participii

200 906 207 921 ’
236 915 395 987 eiusdem
411 915 554 987 diuersa
564 914 631 988 fuit
643 913 785 987 fortuna
796 941 862 1012 pro
873 916 1015 988 diuersa
1026 914 1211 1012 utriusque
1223 913 1400 986 sermonis

236 1045 363 1103 natura
382 1045 488 1128 atque
505 1029 664 1127 ingenio.
689 1030 759 1121 Qui
778 1031 870 1103 inter
889 1056 926 1102 se
945 1030 1098 1102 mnltnm
1117 1029 1287 1101 differunt
1303 1029 1400 1128 quod
1490 1028 1493 1038 ’

233 1147 350 1219 Latini
381 1146 535 1219 articulo
567 1159 701 1219 carent.
738 1147 874 1245 ltaque,
907 1147 944 1217 in
979 1147 1116 1219 Graeco
1147 1170 1325 1235 sermone,
1360 1157 1401 1217 ut

235 1261 452 1360 pernndr'um
481 1287 552 1334 non
572 1261 686 1353 fieret,
714 1261 884 1334 articulus
906 1262 1063 1333 maxime
1091 1260 1218 1333 fecisse
1242 1261 1399 1351 uidetur,

236 1378 297 1476 qui
335 1403 416 1450 curn
454 1377 630 1450 infinitiuo
666 1377 879 1450 coniunctus
917 1378 1011 1450 idem
1048 1377 1144 1475 quod
1180 1376 1400 1474 gerundium

235 1493 402 1566 Latinum
420 1495 491 1587 (τοῦ
510 1504 608 1590 λέγειν
628 1533 657 1551 --
681 1492 837 1586 dicendi)
859 1493 1044 1565 enuntiare
1069 1505 1197 1590 potest.
1222 1493 1271 1564 Ut
1291 1491 1401 1589 parti-

235 1609 369 1706 cipium
408 1608 588 1708 Graecum
619 1608 864 1681 necessitatem
901 1634 974 1681 non
1014 1608 1249 1706 exprimeret,
1288 1607 1398 1697 illud,

236 1724 377 1821 opinor,
390 1724 520 1815 effecit,
534 1724 629 1822 qnod
645 1725 690 1796 ad
705 1724 948 1821 designandos
965 1749 1025 1796 eos
1039 1749 1166 1795 sensns
1181 1748 1244 1820 per
1259 1748 1350 1821 quos
1360 1747 1402 1794 ea

237 1840 337 1912 notio
365 1840 402 1910 in
427 1839 594 1912 Latinum
616 1834 845 1937 participium
870 1839 1014 1912 inducta
1042 1852 1095 1911 est
1127 1839 1279 1935 (lepidas
1307 1836 1402 1909 scri-

237 1955 365 2029 bundis
379 1957 550 2052 creatos),
568 1956 695 2028 Graeci
709 1982 779 2029 non
791 1955 916 2028 datino
931 1950 1323 2052 utebantnrparticipii,
1340 1953 1403 2025 sed

239 2071 419 2143 infinitiuo
449 2096 530 2143 cum
564 2071 713 2144 articulo
746 2085 781 2144 et
811 2070 1073 2169 praepositione
1108 2070 1226 2167 posito
1260 2071 1322 2166 (ἐπὶ
1355 2087 1401 2159 τῷ

238 2197 364 2284 γράφειν
398 2195 508 2283 νόμους
544 2188 747 2280 καθεστώς);
786 2201 821 2260 et
856 2186 1009 2258 formam
1044 2186 1090 2258 ad
1129 2184 1403 2282 exprimendam

239 2302 460 2374 necessitatis
480 2303 664 2375 notionem
678 2303 813 2399 (λυτέος)
829 2303 1044 2375 habuerunt.

287 2417 392 2508 Quod
412 2417 457 2489 ad
481 2418 659 2516 oripinem
679 2418 817 2515 figurae
834 2418 870 2488 in
889 2416 997 2499 -na'ns
1017 2416 1212 2489 desinentis
1229 2415 1398 2513 pertinet,

240 2546 333 2606 ntea
348 2559 440 2631 quae
455 2535 498 2607 de
513 2535 589 2607 eins
604 2560 672 2606 usu
687 2533 858 2621 diximus
876 2557 957 2603 cum
974 2532 1191 2630 etymologia
1207 2530 1404 2629 (serendos

239 2689 268 2706 ==
291 2651 477 2746 φερόμενος)
510 2649 742 2745 sagacissime
774 2674 794 2720 a
829 2648 869 2718 L.
906 2647 1021 2719 Havet
1051 2647 1235 2745 proposita
1267 2646 1403 2743 optime

239 2764 468 2854 concordant,
490 2764 539 2836 ita
558 2790 637 2836 eam
651 2789 724 2836 non
743 2762 879 2836 faciunt
894 2762 1041 2835 omnino
1060 2762 1310 2835 necessariam.
1334 2761 1404 2833 Sed

238 2879 532 2977 huicquaestioni
543 2878 734 2951 soluendae
746 2879 921 2976 imparem
932 2877 1401 2974 meessecumintellegam,

239 2994 460 3093 aliquantum
476 2994 627 3067 fortasse
639 2993 718 3066 uiae
730 2993 928 3066 muniuisse
938 2993 1024 3065 satis
1037 2993 1098 3066 sit:
1117 2993 1222 3065 altius
1234 2978 1403 3090 progredi

240 3110 336 3200 nolo,
368 3106 414 3182 ne·
442 3123 503 3182 aut
533 3135 609 3181 rern
639 3124 755 3182 actam
789 3135 897 3206 agere
930 3109 1021 3182 nelle
1053 3109 1187 3195 uidear,
1223 3121 1286 3180 aut
1316 3108 1412 3199 dum

241 3225 376 3298 maiora
396 3225 534 3297 uiribus
550 3225 721 3322 suscipin,
739 3225 880 3316 ceratis
904 3240 941 3299 ut
962 3224 1075 3316 aiunt,
1095 3224 1225 3323 pennis
1244 3223 1350 3314 nitar,

724 3377 845 3450 Vitreo
862 3377 1016 3450 daturos

542 3510 702 3583 Nomina
718 3523 845 3610 ponto.
865 3512 968 3608 (Hor.
986 3511 1094 3582 O.1v.
1115 3536 1149 3599 2,
1166 3509 1255 3605 tt).
