3330 5574
581 494 625 540 on
652 492 806 540 cunnum
829 493 967 540 omcmn
1066 463 1069 468 ’
1324 486 1360 546 41

197 731 310 790 semet
320 716 546 816 adflictundo
561 717 667 790 modo
683 717 848 814 singulos
860 717 1005 789 nomine
1015 716 1126 806 cien83
1141 717 1244 806 adde,
1258 717 1358 806 ibid„

197 833 315 929 13.47;
332 835 428 904 Anu.
450 834 566 922 15.38;
584 834 678 929 lefst.
699 834 795 922 1.23;
815 834 915 922 235,
934 834 1161 931 cet.).ltaque
1177 833 1358 930 gerundii‚

173 963 176 969 ’
198 974 279 1020 cum
300 950 423 1020 eadem
440 949 512 1021 fere
532 949 588 1021 uis
608 964 701 1021 esset
718 963 823 1047 atque
839 949 1018 1046 participii
1034 932 1246 1045 praesentis,
1267 948 1362 1021 idem

199 1064 390 1161 aliquando
411 1064 475 1136 fuit
495 1090 595 1154 usuS,
619 1064 654 1134 in
675 1065 794 1137 uerbis
814 1064 1244 1137 transitiuistransitiuus

246 1234 379 1305 Multae
414 1233 524 1330 igitur
556 1248 594 1306 ut
623 1260 668 1305 ex
700 1234 807 1306 unius
838 1232 954 1305 Plauti
986 1260 1071 1322 usu,
1099 1238 1266 1331 apparet,
1304 1248 1366 1306 aut

199 1348 440 1446 significandi,
458 1365 519 1421 aut
535 1350 644 1422 uerba
664 1350 755 1422 inter
767 1376 805 1422 se
820 1350 1040 1447 opponendi,
1057 1363 1119 1421 aut
1132 1364 1246 1421 metro
1261 1350 1365 1422 obse-

199 1464 331 1562 quendi
359 1463 602 1553 necessitates,
631 1466 823 1562 scriptores
848 1465 1056 1553 mouebant,
1082 1479 1121 1537 ut
1143 1466 1362 1562 gerundium

176 1605 280 1664 ¹cum
307 1580 438 1652 obiecti
467 1581 672 1652 accusatiuo
692 1581 871 1652 interdurn
900 1594 1168 1677 componerent.
1199 1581 1272 1653 Sed·
1294 1581 1362 1653 hoc

122 1745 124 1749 ι
198 1695 275 1766 fieri
302 1696 450 1767 minime
479 1697 594 1792 potuit
616 1697 685 1772 nisi
709 1696 901 1793 gerundiui
930 1696 1064 1792 passini
1092 1710 1238 1793 propter
1258 1722 1362 1767 usum

201 1811 404 1883 ahsolutum
427 1812 537 1909 (quod
550 1811 767 1909 gerundium
783 1815 853 1897 est)
868 1810 923 1882 uis
939 1811 1083 1908 passiua
1097 1812 1360 1884 obscuraretur.

203 1926 324 2025 ltaque
348 1927 384 1998 in
405 1927 752 2016 uerbistransitiuis,
782 1941 819 1997 ut
845 1941 929 1998 sunt
949 1952 1109 2017 munere,
1140 1927 1301 2024 opilare,
1329 1941 1363 1999 et
1416 1910 1418 1915 ¹

199 2043 416 2138 gerundium
433 2042 640 2138 (induendo)
654 2057 689 2114 et
705 2041 856 2141 fprmula
867 2041 1122 2139 exprimendae
1144 2042 1365 2114 necessitatis

191 2157 431 2255 (agitandum
447 2167 527 2252 est),
545 2183 751 2255 quanquam
765 2157 960 2253 plurimum
980 2157 1240 2253 significatione
1260 2157 1365 2230 diffe-

134 2365 135 2368 ,
199 2288 297 2364 runt,
325 2288 460 2363 tamen,
482 2274 579 2371 quod
601 2274 637 2344 in
654 2288 805 2370 utroque
825 2272 958 2370 pariter
984 2298 1070 2344 usus
1097 2273 1282 2344 absolutus
1301 2299 1364 2345 seu
1420 2364 1424 2372 Ι

201 2388 450 2493 impersonalis
472 2390 653 2486 passiuam
676 2389 750 2460 uim
773 2388 993 2478 obscurauit,
1020 2389 1151 2484 pariter
1176 2388 1363 2460 transitiue

201 2504 440 2576 adhibentur:
474 2504 650 2577 manendo
678 2503 850 2576 medicum
877 2504 936 2600 (Ρ.
960 2504 1057 2576 Men.
1088 2505 1183 2597 883),
1216 2503 1365 2600 epitan-

199 2619 282 2691 dum
301 2632 353 2691 est
369 2619 517 2717 uigilias
534 2620 611 2716 (Id.
635 2619 733 2691 Trt‘n.
757 2620 856 2716 869).

249 2789 318 2860 Sed
333 2788 429 2860 hunc
443 2815 548 2875 usum
560 2789 725 2886 gerundii
746 2815 827 2861 cum
844 2788 982 2860 obiecto
1000 2787 1119 2885 positi,
1133 2788 1199 2860 etsi
1216 2814 1363 2886 eaquae

201 2918 370 3001 argentea
385 2904 514 2976 dicitur
525 2918 638 2975 aetate
654 2903 739 2975 satis
753 2904 922 3002 frequens
937 2903 1104 2993 occurrit,
1121 2918 1241 2976 tamen
1253 2904 1364 2976 multo

200 3019 373 3092 rariorem
393 3045 503 3116 quam
511 3019 678 3116 gerundii
692 3018 817 3108 soliuS,
836 3019 1098 3116 autgerundiui
1110 3045 1231 3108 usum,
1247 3020 1364 3091 omnis

201 3134 415 3206 Litterarum
448 3135 696 3206 Romanarum
735 3136 907 3206 memoria
938 3148 1088 3207 testatur
1111 3135 1135 3205 ¹.
1175 3134 1280 3226 Quod
1319 3135 1364 3206 ad

201 3249 389 3322 Caesarem
406 3249 572 3338 ²attinet,
595 3251 656 3347 qui
675 3250 742 3323 fuit
760 3265 797 3323 ut
819 3251 895 3347 ipse
914 3250 958 3323 de
983 3251 1148 3322 Terentio
1168 3250 1255 3321 Afro
1280 3238 1375 3322 dicit¹

202 3365 315 3461 «puri
330 3366 505 3437 sermonis
518 3366 679 3437 amator3
690 3394 725 3455 u,
743 3365 985 3463 gerundiuum
1006 3365 1190 3438 ducenties
1204 3366 1364 3462 octogies

201 3479 321 3570 habet,
353 3480 570 3577 gerundium
604 3481 680 3552 sine
709 3481 848 3553 obiecto
868 3481 1002 3554 centies
1031 3481 1204 3577 nonagies
1227 3495 1294 3570 ter,
1329 3495 1365 3552 at

199 3596 416 3691 gerundium
447 3621 529 3668 cum
548 3595 688 3667 obiecto
708 3597 839 3692 septies
863 3611 925 3668 aut
951 3596 1073 3668 octies.
1095 3597 1241 3668 Plautus
1262 3621 1361 3685 uer0,
1452 3584 1456 3591 ⁵

200 3710 360 3808 uulgaris
380 3737 480 3800 usus
507 3737 547 3783 ac
571 3711 680 3809 prisci
703 3711 879 3784 sermonis
898 3712 999 3784 testis
1022 3711 1205 3808 egregius,
1225 3736 1362 3808 gerun-

199 3826 323 3898 diuum
364 3826 580 3923 quadragies
619 3827 749 3918 sexies
794 3827 1010 3924 gerundium
1050 3827 1181 3899 centies
1222 3841 1361 3925 quater,

199 3942 414 4038 gerundium
431 3968 512 4014 curn
528 3942 667 4013 obiecto
683 3955 821 4014 tanturn
843 3942 1026 4014 terdecies,

247 4058 352 4129 Nunc
374 4057 589 4155 gerundium
608 4072 796 4156 postquam
817 4057 1035 4154 gerundium
1056 4084 1100 4130 ex
1120 4083 1157 4130 se
1172 4072 1360 4154 genuerat,

200 4173 389 4269 quomodo
401 4172 623 4244 necessitatis
640 4173 738 4245 notio
758 4173 965 4262 euomuerit,
985 4173 1278 4270 inuestigandum
1294 4188 1359 4246 est.

1259 4375 1364 4385 —--

197 4528 199 4533 .
232 4488 255 4537 1.
277 4487 537 4540 0f.Wn1swmuua.
557 4488 577 4538 t.
600 4488 620 4538 t.
642 4502 671 4551 p.
694 4489 748 4540 109.

168 4565 171 4570 ’
230 4569 254 4619 2.
276 4569 423 4627 Gonnum,
438 4569 521 4631 Prog.
539 4570 671 4632 Rogasen
688 4569 756 4628 1887,
771 4568 845 4632 apud
862 4568 1064 4631 Wnr‘swmuna‚
1082 4571 1103 4621 l.
1124 4570 1145 4621 l.
1165 4584 1193 4635 p.
1213 4571 1268 4622 109.

230 4650 255 4700 3.
277 4649 402 4700 Suetonii
422 4647 452 4700 T.
469 4648 622 4713 reliquiae,
640 4649 686 4699 ed.
707 4649 742 4698 A.
761 4651 994 4709 Rmsrmscnmo,
1013 4665 1042 4715 p.
1063 4652 1103 4704 34.

677 4807 888 4821 -n-
