3330 5574
324 461 364 520 34
608 468 653 512 ΒΕ
679 467 868 518 GERUNDIVI
894 469 959 514 USU
986 467 1200 514 RECENTIORE

874 579 1015 588 ——-—.

374 694 624 766 Gerundiuum
644 693 754 790 igitur
773 693 1037 765 nominatiuum
1059 691 1272 780 nonhabet,
1303 705 1343 762 ut
1369 716 1496 787 gram-

325 809 446 880 matici
462 810 638 898 munent¹,
659 834 724 881 nec
738 808 832 880 aliud
845 824 897 880 est
910 808 977 879 nisi
989 807 1183 905 gerundiui
1196 832 1281 879 usus
1293 805 1492 878 absolutus,

373 926 416 996 B.
431 925 586 996 —Haec
601 949 682 996 cum
696 924 743 995 sit
757 923 925 1020 gerundii
936 924 1056 1020 origo,
1072 922 1212 994 facilius
1224 921 1374 994 soluitur
1390 946 1497 1018 saepe

218 1074 222 1085 ·
324 1040 458 1136 agitata
489 1040 651 1137 quaestio
682 1041 725 1112 de
757 1065 890 1136 genere
919 1038 1009 1128 eim,
1046 1053 1165 1110 utrum
1188 1037 1347 1109 actiuum
1372 1037 1417 1108 sit
1450 1062 1495 1107 an

325 1155 524 1252 passiuum.

374 1270 511 1368 Optimi
538 1270 634 1341 enim
667 1269 918 1366 grammatici²
938 1269 1106 1365 gerundii
1133 1294 1239 1340 usum
1261 1293 1333 1340 non
1358 1266 1496 1364 princi-

324 1386 442 1483 palem
472 1385 572 1457 illum
606 1384 737 1472 solum,
772 1385 835 1456 sed
865 1384 1078 1456 uniuersum
1106 1384 1389 1471 considerantes
1419 1407 1497 1454 esse

324 1501 401 1573 eius
419 1526 533 1598 penus
554 1514 687 1596 negant
705 1525 713 1588 ;
734 1514 768 1572 et
783 1525 846 1570 cur
866 1525 982 1596 neque
1002 1498 1160 1571 actiuum
1182 1499 1228 1570 sit
1250 1523 1365 1596 neque
1381 1497 1499 1594 passi-

324 1642 425 1706 uum,
445 1616 621 1688 rationem
643 1613 1022 1705 affert.Weisweiler³,
1044 1615 1155 1712 quod,
1172 1639 1256 1685 cum
1276 1614 1320 1685 ad
1348 1612 1496 1684 mudum

324 1731 603 1828 impersonalem
622 1729 810 1818 referatur,
829 1755 899 1801 nun
918 1729 1035 1826 magis
1051 1754 1160 1827 quam
1175 1728 1384 1825 coniugatio
1405 1752 1496 1825 quae

325 1846 454 1918 dicitur
481 1845 738 1944 periphrastica
763 1844 959 1941 (rependum
979 1847 1057 1936 est),
1078 1870 1196 1941 genus
1218 1842 1350 1915 habere
1369 1842 1494 1940 possit.

374 1962 445 2034 Sed
457 1961 545 2032 hacc
559 1974 660 2032 caute
677 1960 884 2056 accipienda
901 1973 984 2031 sunt
1003 1986 1011 2030 ε
1035 1984 1119 2029 nam
1135 1958 1301 2054 plurimis
1316 1983 1499 2054 gramma·

325 2077 404 2148 ticis
434 2077 551 2173 magis
574 2076 718 2172 passiua
745 2101 853 2174 quam
882 2075 997 2147 actiua
1026 2074 1195 2146 uidentur
1226 2088 1261 2145 et
1289 2072 1498 2169 coniugatio

326 2191 599 2289 periphrastica,
618 2205 652 2262 et
671 2191 800 2262 modus
816 2188 1079 2286 impersonalis.
1100 2189 1174 2260 Nec
1189 2189 1369 2260 immerito
1388 2214 1395 2258 :
1415 2213 1498 2258 nam

325 2308 419 2379 inter
438 2306 626 2405 lepardum
639 2319 705 2395 est,
729 2320 763 2378 et
778 2304 947 2402 lepenclns
967 2304 1057 2376 liber
1076 2316 1140 2393 est,
1163 2304 1288 2376 eadem
1311 2301 1499 2374 intercedit

325 2422 416 2493 ratio
438 2447 529 2519 quae
561 2405 652 2493 inter
681 2420 808 2492 lectum
828 2431 879 2492 est
906 2433 940 2490 et
969 2419 1077 2490 lectus
1107 2418 1282 2491 liberast.
1320 2419 1444 2515 ltaque
1467 2417 1498 2488 si

327 2538 453 2609 lectum
483 2547 535 2607 est
567 2536 712 2632 passiue
741 2535 927 2632 accipitur,
951 2534 1076 2606 eudem
1098 2534 1206 2606 modo
1230 2533 1419 2631 leqendum
1445 2543 1497 2603 eat

327 2651 522 2748 accipiatur
539 2665 693 2747 oportet.
719 2652 762 2722 Et
777 2649 915 2721 Tullius
930 2674 1011 2720 cum
1028 2650 1112 2722 dicit
1129 2676 1137 2719 ε
1164 2676 1182 2719 u
1203 2650 1281 2721 Hoc
1294 2649 1372 2721 loco
1385 2673 1499 2746 prue-

327 2765 434 2837 teritu
451 2779 485 2836 et
496 2791 558 2836 cur
569 2768 810 2861 praetereatur
825 2764 1115 2852 demortstrutun,
1134 2764 1249 2836 facere
1261 2789 1338 2835 nun
1350 2764 1498 2859 pessum

326 2881 413 2978 quin
456 2880 660 2952 existimem
701 2880 833 2976 pariter
869 2879 1012 2976 passiue
1050 2879 1212 2950 adhiberi
1251 2879 1498 2950 demonstrato

327 3011 433 3093 atque
447 2995 664 3094 praeterite.
685 2996 820 3068 Eadem
840 2995 991 3082 ratione,
1013 2993 1050 3064 in
1072 2994 1148 3066 luco
1164 2994 1312 3066 Catonis
1329 2995 1384 3064 De
1397 2995 1427 3062 Α
1434 3018 1495 3090 pr.

332 3111 463 3197 1413:
490 3136 508 3179 <r
526 3110 616 3207 Agri
640 3109 743 3182 fundi
763 3109 947 3181 lustrandi
970 3109 1164 3207 lustrisque
1178 3108 1350 3207 faciendi
1373 3133 1460 3204 ergo
1478 3135 1496 3179 ))

327 3251 399 3297 non
429 3225 548 3297 minus
582 3225 767 3322 passiuum
797 3225 1014 3322 gerundium
1034 3223 1207 3323 faciendi
1228 3249 1335 3322 quam
1361 3248 1499 3320 gerun-

328 3342 452 3413 diuum
474 3340 659 3412 lustrandi
676 3340 830 3412 uidetur.
1011 3349 1013 3352 ⁴

378 3458 453 3527 lam
470 3481 556 3527 uero
580 3470 619 3527 ut
637 3456 823 3551 passiuurn
839 3455 1002 3528 habitum
1023 3480 1101 3526 esse
1115 3454 1329 3551 gerundium
1348 3453 1501 3526 suadent

331 3585 469 3644 ueteres
488 3597 569 3641 cum
589 3570 801 3667 interpretes
822 3571 964 3661 Graeci,
990 3569 1281 3666 uulgatissimum
1298 3568 1386 3642 illud
1405 3568 1500 3641 ecri-

330 3685 442 3758 hendo
461 3684 662 3782 adsuerunt
681 3711 823 3782 semper
842 3697 1028 3782 γραφομένῳ
1043 3699 1188 3781 παρῆσαν
1209 3698 1401 3775 uertentes
1421 3697 1498 3756 tum
1523 3680 1529 3690 ⁸

330 3800 446 3890 Latini
470 3800 663 3896 scriptores
683 3800 719 3871 id
739 3799 949 3871 adhibentes
972 3801 1008 3869 in
1035 3799 1210 3871 eiusmodi
1235 3799 1436 3888 structuris
1463 3812 1501 3870 ut

329 3914 453 3987 adesse
466 3915 517 3986 ud
529 3915 794 4012 imperandum,
812 3914 992 4011 inquibus
1008 3914 1122 3985 actiue
1138 3913 1251 4010 accipi
1267 3938 1312 3985 ex
1328 3926 1498 3986 contextu

331 4015 564 4101 nullumodo
597 4042 714 4126 potest
733 4050 741 4101 :·
773 4059 791 4098 <r
820 4028 1006 4125 lugurtha,
1039 4028 1100 4099 ubi
1133 4029 1243 4099 armis
1277 4029 1437 4126 uirisque
1466 4043 1501 4100 et

330 4144 481 4241 pecunia
504 4144 677 4240 spoliatus
695 4158 762 4233 est,
779 4137 861 4214 cum
884 4144 961 4240 ipse
981 4143 1026 4215 ad
1054 4143 1305 4242 imperandum
1325 4144 1498 4216 Tisidium

330 4274 532 4349 uocaretur,
548 4257 709 4354 coepit...
722 4283 767 4329 ex
784 4257 877 4329 mala
893 4258 1111 4330 conscientia
1123 4258 1234 4354 digna
1246 4258 1497 4350 timeretssall.,

363 4531 387 4580 1.
409 4531 610 4586 Wmswnnnn,
630 4527 650 4577 l.
669 4527 687 4576 l.
704 4540 733 4590 p.
754 4527 795 4576 77.

360 4612 386 4661 ζ2.
407 4610 450 4660 Gt.
472 4610 604 4656 Riemann
621 4607 799 4667 emunctae,
819 4603 954 4655 Gratum.
973 4619 1069 4670 comp.
1089 4619 1117 4663 11,
1137 4608 1207 4665 §575
1223 4620 1300 4656 rem:
1318 4609 1355 4657 Le
1371 4607 1503 4671 gerundis

330 4686 375 4736 n'a
391 4699 442 4748 pas
455 4685 488 4733 de
507 4684 579 4740 voix,
598 4686 653 4732 etc.
676 4708 703 4717 -
724 4682 921 4738 Wmswmnun‚
941 4681 961 4731 l.
980 4680 1000 4732 l.
1020 4695 1049 4745 p.
1069 4683 1109 4732 95.

360 4768 385 4818 3.
408 4766 609 4819 Wmswmmn,
625 4762 646 4814 t.
666 4761 685 4812 t.
703 4774 732 4824 p.
753 4761 792 4811 93.
