3330 5574
317 505 355 563 12
607 513 652 557 DE
678 512 867 560 GERUNDIVI
892 514 928 560 v1
953 512 1190 578 ANTIQUISSIMA
1224 531 1226 534 ·

315 622 527 631 -ι--ι

314 736 445 825 tiunt¹,
478 736 728 809 retransitiuae
763 737 823 810 alii
862 737 975 827 aiunt,
1012 738 1071 809 alii
1104 752 1252 836 negant.
1290 741 1385 812 Inter
1419 740 1485 812 hos

315 851 448 923 eminet
467 853 635 940 Persson,
653 852 755 924 cuius
772 853 894 943 uerba,
913 878 996 924 cum
1011 854 1044 925 ei
1058 854 1224 926 assentiri
1244 879 1317 926 non
1333 856 1483 952 possim,

314 965 447 1037 referre
480 967 592 1038 iuuat.
617 967 713 1039 Dicit
732 967 825 1039 enim
845 994 853 1038 :
888 969 1049 1041 «Exstat
1067 982 1186 1040 tamen
1208 970 1325 1041 actiua
1343 970 1487 1066 signifi-

314 1082 406 1154 catio
417 1082 453 1151 in
469 1107 540 1152 una
552 1081 691 1178 priscae
704 1095 807 1155 notae
823 1082 952 1171 forma,
966 1083 1485 1182 dicosecundus(*sequondos)

315 1196 460 1293 proprie
486 1223 504 1266 <‹
523 1196 670 1293 folgend
690 1224 725 1284 u,
754 1223 870 1295 neque
889 1198 1084 1272 admodum
1104 1198 1299 1271 uerisimile
1319 1214 1374 1272 est
1393 1199 1487 1272 hanc

314 1312 469 1384 actiuam
491 1311 794 1408 significationem
824 1338 844 1385 e
871 1313 1043 1386 reflexiua
1071 1314 1227 1412 quadam
1252 1315 1368 1409 (uelut
1390 1315 1485 1412 «qui

312 1427 526 1524 iungitur-n,
549 1427 595 1499 cf.
618 1427 861 1517 Weisweiler‚
891 1453 926 1525 p.
958 1430 1033 1522 55),
1055 1442 1176 1500 natam
1206 1454 1296 1500 esse.
1324 1429 1484 1501 Verbum

313 1543 409 1614 enim
423 1543 520 1640 quod
532 1557 586 1615 est
600 1541 717 1640 sequi,
735 1542 806 1613 iam
820 1543 909 1614 ieur.
923 1556 1037 1616 aetate
1053 1544 1208 1615 actiuam
1229 1543 1301 1616 uim
1317 1544 1485 1616 habuisse
1522 1583 1524 1586 ·

314 1657 455 1729 uidetur
471 1656 531 1752 (cf.
549 1682 685 1729 sanscr.
703 1661 827 1729 socole
842 1678 878 1707 =
898 1683 955 1755 gr.
978 1662 1109 1750 ἕπεται).
1130 1686 1148 1730 ))
1168 1659 1266 1730 Haec
1286 1660 1455 1730 Persson⁰2
1475 1687 1483 1730 ε

315 1797 384 1868 ego
404 1797 488 1843 uero
505 1772 715 1844 auctoritate
733 1773 833 1844 nisus
850 1772 1010 1845 uirorum
1031 1773 1334 1864 doctissimorum,
1357 1799 1486 1846 censeo

314 1887 520 1958 eressexiua
543 1912 606 1958 seu
622 1887 849 1959 retransitiua
870 1887 1133 1984 significatione
1153 1914 1231 1960 esse
1248 1902 1364 1961 ortam
1386 1888 1484 1959 illam

315 2027 422 2099 quam
439 2001 598 2074 octt'uom
613 2002 748 2075 dicunt.
766 2001 858 2073 Nam
874 2002 1034 2075 eiusdem
1049 2003 1172 2100 stirpis
1188 2029 1266 2075 esse
1282 2011 1375 2093 ἕπειν,
1391 2004 1486 2076 unde

315 2125 441 2213 ἕπομαι,
465 2125 624 2214 ἑπόμενος,
652 2132 687 2189 et
713 2142 860 2215 sequor,
890 2119 985 2189 unde
1013 2117 1201 2207 secundae,
1234 2144 1340 2190 nemo
1373 2119 1487 2190 nescit

313 2231 616 2330 etymologorum,
628 2231 692 2304 sed
702 2232 859 2305 hoccum
876 2245 1026 2323 constet,
1041 2233 1245 2305 illudetiam
1257 2233 1486 2305 animaduer-

313 2346 461 2418 tendum
479 2362 545 2436 est,
562 2348 755 2444 quodcum
771 2346 817 2419 sit
837 2355 916 2418 ἕπειν
937 2348 1164 2420 transitiuum
1186 2349 1349 2442 (Homer.
1374 2348 1480 2419 6321

315 2468 394 2531 ἕπειν
433 2465 581 2558 τεύχεα),
622 2470 754 2558 ἕπομαι,
792 2470 937 2558 ἑπόμενος
966 2462 1179 2535 reflexiuum
1219 2477 1293 2552 est,
1334 2463 1486 2561 ideoque

314 2575 583 2649 intransitiuum
599 2578 738 2673 (ἕπεσθαί
752 2577 825 2674 τινι)
839 2575 864 2649 ³.

361 2712 409 2781 At
427 2735 526 2799 uero,
552 2735 633 2782 cum
661 2710 707 2782 sit
726 2734 861 2807 sequor
879 2710 1124 2799 transitiuum,
1151 2711 1327 2783 secundus
1344 2711 1484 2782 intran-

314 2825 460 2897 sitiuum
478 2838 650 2896 remanet.
671 2827 794 2922 ltaque
810 2823 872 2922 qui
888 2826 1090 2921 comparari
1105 2839 1224 2922 potest
1237 2851 1385 2924 sequor,
1402 2850 1485 2897 cum

314 2947 442 3036 ἕπομαι,
463 2945 638 3011 secundus
662 2964 743 3010 cum
767 2940 939 3035 ἕπόμενοςῖ)
965 2940 1027 3037 qui
1047 2939 1116 3012 dici
1142 2953 1273 3036 potest,
1302 2940 1399 3038 quod
1418 2964 1485 3011 nos

313 3055 479 3143 dicimuS,
491 3053 665 3146 secundus
679 3079 757 3126 esse
770 3053 1000 3151 participium
1011 3054 1223 3127 ressexiuum
1237 3080 1320 3126 cum
1337 3054 1485 3126 minime

311 3166 523 3239 ressexiuum
544 3165 696 3237 uerbum
716 3189 851 3261 sequor
872 3165 935 3236 sed
949 3164 1193 3255 transitiuum‚
1214 3166 1410 3237 uideatur?

361 3298 520 3371 Soluitur
539 3297 745 3388 difficultas,
763 3297 793 3368 si
812 3296 893 3395 quis
912 3322 1004 3394 quae
1023 3297 1070 3369 sit
1092 3322 1175 3369 uere
1197 3296 1251 3369 uis
1270 3297 1482 3386 transitiuo,

314 3428 349 3486 et
373 3413 467 3486 unde
489 3413 669 3485 interdum
696 3413 846 3502 oriatur,
874 3412 1140 3484 animaduertit.
1166 3412 1291 3510 Neque
1317 3411 1484 3484 animab

312 3528 415 3599 initio
426 3527 524 3597 illam
541 3553 649 3625 quam
660 3527 835 3625 fingimus
848 3526 921 3599 uim
934 3526 1169 3599 transitiuom
1180 3526 1348 3598 omnihus
1364 3527 1485 3599 uerbis

313 3642 466 3715 maiores
489 3641 602 3713 nostri
624 3642 865 3715 addiderunt:
890 3641 964 3714 imo
988 3641 1099 3713 fuisse
1125 3655 1269 3737 tempus
1291 3641 1485 3738 opinantur

312 3874 563 3884 ——-—-—-——

1392 3986 1400 4010 fl

346 4024 368 4074 1.
387 4022 438 4080 Qui
451 4026 563 4085 negant,
579 4024 610 4072 ut
623 4019 806 4077 Weisweiler‚
823 4020 886 4069 ideo
901 4023 1005 4082 negant
1019 4019 1198 4084 quodeodem
1210 4034 1295 4070 sensu
1308 4021 1484 4072 «actiuum»

312 4101 395 4161 atque
411 4114 423 4145 a
441 4098 640 4150 transitiuum
659 4115 670 4139 »
688 4095 840 4158 accipiunt.
873 4096 947 4145 Dicit
973 4096 1048 4144 enim
1069 4096 1271 4153 wintanum,
1291 4110 1318 4146 o.
1343 4110 1368 4147 c.
1389 4111 1419 4160 p.
1440 4099 1481 4148 55.

312 4191 324 4219 «
343 4173 475 4224 Derselbe
492 4172 577 4235 <Poto
593 4171 731 4221 bemerkt.
743 4207 763 4219 ..
784 4170 831 4220 die
844 4170 1009 4234 Bedeutung
1022 4185 1076 4220 von
1090 4172 1241 4222 oriundus
1258 4171 1298 4221 sei
1314 4172 1392 4222 nicht
1408 4173 1486 4222 mehr

313 4248 388 4297 activ
405 4245 447 4295 als
467 4246 512 4296 die
533 4259 586 4294 von
605 4246 695 4303 orior,
710 4259 769 4294 was
786 4245 842 4308 eig.
869 4246 896 4294 ia
915 4259 970 4295 von
988 4246 1038 4295 der
1055 4247 1344 4310 Refiexivbedeutung
1360 4247 1483 4309 ausgehe

313 4324 336 4384 t«
354 4321 417 4371 sich
435 4321 554 4370 erheben
570 4337 582 4368 u
600 4320 659 4382 vgl.
685 4321 798 4382 ortue);
817 4320 947 4370 desselbe
959 4319 1033 4382 gelte
1048 4334 1102 4370 von
1120 4322 1203 4370 unda
1217 4320 1349 4371 labenda
1360 4324 1384 4382 (a
1399 4321 1485 4371 dahin

310 4397 433 4460 gleitand
453 4414 465 4443 »
490 4408 544 4444 von
571 4394 640 4457 labi)
660 4395 719 4445 und
740 4395 819 4445 nicht
847 4395 955 4444 minder
982 4409 1035 4444 von
1059 4395 1218 4452 secundos,
1249 4396 1299 4445 das
1326 4397 1405 4447 nicht
1431 4398 1485 4447 wie

311 4484 437 4536 sequens
451 4472 495 4521 die
513 4471 630 4521 Rection
649 4471 726 4520 eines
743 4484 798 4521 von
811 4471 869 4520 ihm
887 4470 1066 4534 abhangigen
1081 4471 1174 4520 Kaous
1191 4471 1331 4521 zulasse.»

341 4560 366 4610 2.
388 4562 528 4619 Pnnssou,
544 4559 564 4610 t.
583 4571 611 4608 o.
629 4572 660 4622 p.
681 4561 722 4610 93.

318 4648 366 4700 ’3.
389 4647 494 4704 Bar-iac,
515 4647 603 4698 Essai
626 4647 879 4709 decantantium,
902 4661 931 4709 p.
955 4647 1022 4707 2173
1045 4648 1257 4712 Wmswumun.
1279 4658 1305 4696 ο.
1333 4658 1359 4696 o.
1387 4660 1418 4710 p.
1439 4649 1485 4708 55;

311 4725 429 4774 Burnus.
451 4723 659 4774 Dictionnaire
684 4735 761 4785 orec.
788 4722 848 4771 Hoc
866 4721 1024 4771 addendum
1048 4721 1159 4770 uidetur
1180 4719 1253 4783 quod
1280 4720 1341 4782 ipse
1363 4722 1483 4772 Persson

311 4802 454 4862 comparat
466 4797 603 4861 sequitur
616 4811 679 4848 cum
692 4796 788 4849 secate
805 4799 832 4846 et
843 4797 926 4847 ἕπεται
938 4810 944 4847 :
958 4800 986 4847 at
998 4796 1080 4847 ἕπεται
1092 4795 1154 4860 quis
1167 4797 1251 4858 negat
1265 4796 1387 4849 medium
1400 4800 1483 4848 esse?
