3330 5574
528 494 572 538 DE
598 491 785 540 GERUNDlVl
812 491 969 536 TEMPORE·
1327 485 1366 543 23

202 719 310 793 uerba
326 745 366 792 ea
382 718 500 803 sunt¹,
520 743 709 816 equorum
727 717 828 789 radix
843 730 904 788 aut
921 716 1181 789 terminabatur
1196 716 1232 787 in
1254 744 1275 788 a
1297 719 1363 812 (a),
1382 750 1399 775 -ν

201 848 261 908 aut
291 835 327 906 in
359 833 481 906 ultima
507 833 643 931 syllaba
676 860 697 904 o
726 832 885 904 uocalem
915 832 1132 922 continebat,
1164 832 1365 904 cuiusmodi

201 966 311 1023 sunt:
336 974 504 1047 coquere,
522 948 634 1047 loqui,
656 948 767 1039 luere,
790 947 944 1039 soluere,
964 947 1120 1038 uoluere,
1139 947 1221 1039 alia,
1238 947 1366 1021 deinde

200 1065 397 1155 consulere,
430 1089 592 1154 currere,
623 1063 766 1153 ducere,
796 1088 950 1155 sumere,
984 1063 1050 1155 uti,
1081 1063 1231 1136 fortasse
1259 1063 1365 1136 etiam

189 1183 345 1283 'supera
367 1179 543 1253 tussire.»
564 1179 669 1271 Quod
682 1205 790 1278 quarn
807 1178 876 1252 late
891 1192 1023 1276 pateat,
1041 1204 1147 1252 nemo
1164 1204 1237 1251 non
1253 1179 1363 1253 uidet.

199 1299 308 1387 Nam,
354 1295 489 1368 -ttndus
531 1321 576 1367 ex
611 1295 743 1367 -dndus
781 1295 999 1392 processisse
1034 1294 1232 1368 doctissimi
1269 1294 1367 1368 uiri²

200 1412 341 1503 docent,
364 1428 398 1484 et
413 1411 578 1508 analogia
597 1411 735 1483 suadet.
756 1413 829 1482 larn
844 1436 929 1482 uero
947 1409 1153 1483 coniunctio
1166 1411 1365 1484 litterarum

201 1556 222 1602 u
262 1541 296 1601 et
338 1555 358 1600 u
389 1531 530 1625 (quum)
566 1526 736 1600 diuturno
775 1540 937 1624 tempore
973 1527 1181 1599 Latinorum
1219 1527 1366 1599 auribus

134 1693 137 1704 ·
201 1644 383 1742 displicuit
403 1643 428 1714 3.
461 1644 558 1715 Haec
584 1668 665 1714 cum
707 1643 754 1714 ita
784 1641 1011 1732 sint‚.facile
1038 1643 1182 1740 quidem
1213 1642 1293 1733 luit,
1329 1658 1368 1715 ut

155 1811 158 1818 ·
201 1758 436 1858 *repetendus
454 1757 672 1856 repetendus
686 1758 800 1848 fieret,
818 1759 880 1830 sed
896 1757 1117 1830 *calcandos
1134 1758 1236 1830 ualde
1251 1745 1367 1856 impe-

204 1875 318 1949 ditum
334 1873 432 1947 fuitl.
452 1875 565 1971 Igitur
584 1899 664 1945 cum
679 1873 884 1946 uoluundus
899 1874 976 1966 fieri¹
992 1900 1063 1946 non
1080 1887 1214 1971 posset,
1233 1864 1364 1948 factum

201 2005 254 2063 est
273 1988 483 2080 uoluendus,
504 2014 585 2061 cum
606 1989 685 2062 aliis
709 1990 753 2061 de
778 1989 907 2079 causis,
930 2002 1006 2061 turn
1030 1989 1199 2079 maxime,
1222 1991 1363 2088 opinor,

148 2101 151 2108 ’
203 2104 1368 2205 quodgerundiuorumin-endussecundaedeclinationis(emmo-

203 2221 350 2316 uendus)
379 2220 612 2292 similitudine
643 2219 862 2292 trahebatur.
901 2221 953 2291 lta
985 2245 1029 2291 ex
1058 2221 1183 2292 eodem
1216 2221 1367 2293 -dndue

198 2337 292 2408 iacta
313 2351 395 2408 sunt
416 2336 558 2408 diuersa
573 2335 747 2433 scriptura
767 2335 958 2425 lebaudus,
975 2349 1009 2407 et
1025 2336 1232 2409 uoluendus.
1255 2338 1367 2434 Igitur

204 2453 234 2524 si
254 2452 298 2523 ab
319 2477 392 2524 uno
414 2451 526 2540 fonte,
552 2450 690 2522 ⁸-dndus
717 2451 810 2542 dice,
830 2452 971 2523 diuersa
996 2467 1116 2523 tamen
1134 2453 1205 2542 uia,
1231 2453 1368 2526 -undus

204 2582 237 2639 et
264 2567 396 2639 -enclus
425 2580 690 2663 processerunt,
713 2591 785 2638 non
811 2580 865 2651 est
893 2567 989 2664 quod
1017 2592 1036 2639 e
1070 2567 1276 2641 diuersitate
1296 2568 1368 2641 for-

204 2709 364 2773 marum,
402 2707 493 2780 quae
532 2681 711 2778 posterius
744 2666 828 2771 orta
853 2695 921 2770 est,
963 2708 1090 2755 sensus
1122 2683 1366 2757 diuersitatem

203 2798 437 2896 primitiuam,
455 2797 596 2895 quaein
613 2797 873 2895 antiquissimis
888 2797 1033 2870 Latinae
1049 2798 1192 2896 linguae
1208 2799 1368 2898 reliquiis

201 2940 272 2986 non
292 2927 488 3011 comparet,
518 2912 746 3010 effingamus.

247 3102 370 3198 ltaque
400 3098 446 3172 ab
484 3099 608 3171 ultima
641 3099 850 3197 antiquitate
882 3126 964 3173 cum
998 3099 1035 3171 in
1064 3100 1142 3198 ipsa
1172 3104 1365 3199 gerundiui

202 3215 317 3288 forma
345 3216 443 3287 notio
475 3214 685 3313 temporalis
719 3216 862 3313 propria
890 3242 962 3288 non
997 3217 1097 3308 insit,
1135 3219 1197 3290 sed
1229 3218 1364 3317 insecti,

202 3331 352 3429 ideoque
378 3331 585 3429 praesentis
622 3331 801 3403 interdurn
834 3333 1029 3430 temporis,
1065 3359 1250 3432 nunquam
1282 3361 1368 3408 uero

232 3594 256 3645 l.
277 3595 483 3651 Hanunea-arn,
498 3593 521 3646 l.
543 3593 563 3643 l.
584 3593 671 3645 7.8.9.

142 3662 148 3675 ¹
230 3676 256 3724 2.
272 3675 405 3730 Lrueslm
423 3673 481 3724 The
495 3674 570 3724 latin
587 3673 755 3736 Lanquapa
774 3674 888 3733 ch.v111‚
908 3675 968 3741 til.
987 3677 1097 3734 Harsa,
1116 3676 1274 3732 Memoires
1287 3681 1322 3733 de
1340 3683 1367 3734 la

199 3749 312 3801 sociate
327 3749 363 3798 da
379 3749 577 3813 tiuquistique
592 3749 627 3799 de
645 3748 742 3808 Paris,
759 3751 856 3802 vulti.

230 3830 257 3879 3.
276 3830 415 3885 Auromn.
429 3828 550 3878 llauuel
566 3828 794 3892 d'ortltoqraphe
807 3830 908 3890 latine,
923 3845 951 3895 p.
970 3834 1009 3883 15.

233 3910 258 3959 l.
279 3908 358 3964 Quod
372 3909 503 3968 hunsla,
527 3907 545 3957 l.
564 3909 584 3959 l.
610 3923 639 3971 p.
661 3909 778 3968 5tt-5tl‚
800 3911 835 3959 de
858 3911 910 3960 hac
928 3913 1082 3962 mutatione
1100 3913 1219 3965 scribit:
1241 3917 1302 3966 «In
1320 3920 1368 3971 the

201 3985 275 4033 third
303 3984 359 4033 and
385 3984 478 4034 fourth
503 3985 713 4047 conjugamus,
739 3986 785 4035 the
810 3987 879 4035 form
908 3988 980 4038 dudo
1009 3994 1112 4039 cannot
1139 3990 1172 4040 be
1198 4005 1215 4040 a
1237 3993 1368 4056 pironetic

202 4059 398 4122 development
411 4059 440 4108 ol
455 4060 540 4109 -tlndo
557 4060 659 4121 throug
671 4061 839 4123 wealrening
849 4062 879 4111 ol
890 4062 937 4112 the
953 4065 1079 4113 woweld
1094 4065 1123 4114 in
1135 4066 1183 4116 the
1196 4072 1368 4121 unaccented
1384 4074 1388 4082 '

201 4135 327 4200 syllable,
350 4135 394 4184 lor
416 4148 457 4184 we
485 4136 555 4185 have
592 4135 735 4198 anteverto
764 4138 806 4186 tor
839 4138 1125 4189 'ambhi-bherendo-
1155 4142 1183 4190 in
1215 4142 1368 4206 Umbriam,

202 4212 293 4261 where
308 4224 325 4259 a
339 4211 503 4274 weakening
519 4211 548 4260 ot
562 4212 618 4262 this
635 4210 704 4262 kind
723 4213 816 4262 would
832 4216 883 4262 not
899 4213 933 4264 be
945 4215 1061 4273 found»,
1080 4215 1133 4265 hoc
1150 4217 1259 4279 quidem
1272 4233 1368 4271 uerum

201 4289 244 4335 est
260 4300 293 4335 ea
306 4299 388 4349 quam
406 4286 474 4335 dicit
491 4287 539 4336 uia
554 4286 615 4336 fleri
631 4301 686 4337 non
704 4289 851 4350 potuisse:
870 4290 920 4339 sed
938 4291 993 4340 alia
1008 4290 1055 4340 uia
1071 4291 1173 4342 tactum
1192 4292 1318 4353 arbitror,
1336 4311 1368 4348 ea

201 4374 300 4424 nempe
312 4374 393 4424 quam
407 4361 475 4410 dixi.
495 4389 526 4398 -
540 4363 618 4419 Quod
631 4363 724 4413 addit:
743 4381 754 4409 u
769 4365 911 4428 Althouglr
924 4366 971 4416 the
985 4365 1058 4416 form
1074 4367 1179 4418 endo·
1192 4367 1306 4420 became
1321 4375 1368 4422 tire

202 4436 343 4499 approved
360 4436 431 4485 torm
446 4437 474 4485 in
489 4436 619 4487 classical
636 4439 725 4498 Latin,
735 4440 820 4489 while
834 4432 927 4491 -dndo
939 4442 1019 4504 (from
1031 4457 1067 4492 an
1085 4443 1183 4493 earlier
1195 4444 1293 4509 druto)
1310 4462 1368 4498 was

203 4511 345 4574 relegated
368 4515 396 4560 to
419 4512 467 4562 the
490 4511 564 4574 legal
591 4513 646 4562 and
670 4514 781 4564 archaia
799 4516 879 4577 style.
898 4531 921 4566 e.
939 4530 966 4580 g.
985 4531 1031 4568 res
1048 4521 1238 4581 repetendae,
1258 4527 1305 4584 yet
1322 4524 1368 4573 the

202 4585 333 4635 classical
349 4585 418 4635 torm
434 4587 458 4635 is
472 4586 558 4637 found
568 4601 604 4637 on
616 4589 662 4639 the
674 4590 788 4640 earliest
800 4591 983 4654 inscriptions
995 4610 1007 4640 »
1021 4607 1118 4643 uereor
1129 4609 1163 4644 ne
1175 4595 1240 4646 illae
1253 4598 1368 4661 inscrip-

201 4661 293 4711 tiones
311 4661 352 4724 tS.
375 4661 722 4722 G.deBaccl1analtbue‚
741 4664 799 4715 Lex
814 4668 1061 4730 repetundarumt
1076 4684 1131 4719 non
1150 4672 1218 4721 satis
1238 4675 1369 4737 antiquae

203 4735 260 4786 sint
274 4751 281 4785 :
297 4740 374 4862 ‘qarte
390 4738 475 4787 multo
491 4740 620 4789 meliores
639 4741 746 4803 priscae
766 4743 921 4804 scripturae
948 4747 1012 4794 sunt
1030 4745 1190 4807 tacendae,
1208 4748 1368 4812 oriundae,

203 4823 294 4862 secun
318 4825 361 4862 ue.
1081 4845 1083 4848 >
