3330 5574
336 443 374 504 10
629 450 674 494 DE
700 449 890 495 GERUNDlVl
915 450 951 494 VI
977 447 1216 511 ANTIQUISSIMA

334 673 439 744 Varr.
472 673 516 742 L.
548 673 592 743 L.
628 699 676 761 vr,
712 698 767 760 11,
802 671 1046 763 tabescamus,
1073 671 1504 768 Lact.Dem.persecut.

336 814 522 884 xxx111,9.

386 904 459 973 lam
495 928 580 974 uero
613 901 730 973 Plauti
762 927 828 974 nec
852 901 1076 999 pereundus,
1107 927 1173 974 nec
1194 901 1409 998 placendas,
1441 925 1509 972 nec

336 1016 534 1089 abstanclas
556 1017 592 1087 in
613 1017 788 1089 rationem
809 1017 985 1089 adducere
1004 1030 1146 1113 oportet
1170 1017 1207 1087 in
1228 1016 1284 1088 his
1312 1015 1476 1088 uersibus
1498 1040 1506 1085 ε

353 1167 386 1227 Si
398 1167 449 1226 illa
460 1165 515 1226 tihi
526 1165 623 1247 placet
630 1165 795 1246 placenda
810 1165 865 1225 dos
880 1177 1031 1246 quoquest
1046 1187 1137 1246 quam
1154 1165 1206 1225 dat
1218 1165 1273 1224 tibi
1285 1166 1329 1241 (T
1326 1165 1390 1226 rin.
1411 1165 1511 1244 1159)-

537 1263 669 1323 Haecine
685 1262 737 1322 ubi
759 1262 848 1322 scibit
869 1283 970 1333 senex,

536 1360 652 1442 Puppis
661 1360 832 1441 pereunda
849 1367 894 1420 est
910 1359 1002 1442 probe
1017 1359 1088 1440 (Ep.
1105 1361 1152 1438 73.
1172 1362 1234 1438 γά).

387 1495 479 1566 Nam
508 1519 554 1565 ex
577 1493 731 1566 formula
759 1493 1008 1565 necessitatem
1037 1493 1260 1590 exprimente
1283 1492 1511 1590 pereundam

338 1621 402 1699 est,
425 1609 642 1706 placandam
670 1619 734 1696 est,
773 1608 925 1680 ridiculo
960 1633 1025 1679 usu
1050 1607 1108 1678 hic
1135 1621 1212 1680 orta
1237 1622 1333 1679 sunt.
1370 1609 1444 1678 lam
1473 1608 1511 1677 in

338 1724 406 1796 hac
421 1749 547 1796 uersu:
572 1749 590 1793 a
606 1725 719 1794 Amor
739 1722 990 1820 ignorandust,
1002 1723 1126 1819 procul
1145 1722 1383 1811 adhibendus
1406 1737 1512 1820 atque

339 1836 582 1928 castanelus»,
597 1838 665 1909 hoc
683 1837 882 1909 abstaadas
901 1837 945 1908 ad
965 1837 1236 1909 similitudinem
1254 1836 1511 1934 t'qnoranctast,

340 1952 576 2042 adhibendae,
595 1952 861 2025 conformatum
876 1966 942 2024 est.
965 1952 1185 2050 —Denique
1202 1952 1348 2023 numina
1363 1952 1511 2024 dearum

341 2081 379 2139 ut
404 2066 596 2156 adolenda,
626 2066 872 2155 eaamalenda',
902 2066 1140 2164 caiaqaenda‚
1165 2065 1382 2164 deferenda,
1409 2064 1514 2164 adfe-

344 2182 477 2272 renda,
498 2182 708 2271 scrr'baada,
725 2181 813 2280 quid
828 2182 1034 2278 significent
1048 2207 1120 2253 non
1135 2182 1222 2254 satis
1238 2196 1402 2277 apertum
1418 2194 1472 2253 est
1486 2181 1509 2251 ¹.
1586 2265 1589 2270 ,

390 2297 488 2368 Haec
506 2297 627 2368 omnia
651 2322 733 2368 cum
755 2296 945 2368 uideantur
971 2321 991 2367 a
1010 2297 1234 2395 quaestione,
1256 2310 1295 2367 ut
1316 2296 1514 2367 recentiora

342 2426 404 2484 aut
439 2411 674 2501 obscuriora,
709 2412 931 2484 remetienda
949 2467 958 2503 ‚
995 2411 1193 2483 retinemus
1225 2424 1364 2483 tantum
1403 2411 1514 2482 uerba

341 2551 503 2599 summae
539 2526 762 2624 antiquitatis
804 2540 838 2597 et
877 2551 1005 2598 sensus
1044 2525 1262 2622 apertissimi
1296 2538 1465 2622 quattuor
1503 2552 1511 2595 ε

342 2640 534 2731 labamine,
557 2640 747 2732 oriundas,
768 2639 955 2729 secandas,
978 2640 1186 2713 uoluendus.

381 2789 568 2850 habundus.
590 2827 631 2834 —
658 2788 749 2850 Unda
771 2787 828 2848 sub
858 2788 951 2848 undis
982 2787 1129 2849 labenda
1154 2788 1236 2849 sonit
1267 2790 1346 2869 (Aa.
1374 2788 1513 2851 Ptinta.

343 2886 382 2947 fr.
407 2909 428 2947 ι.
451 2909 480 2946 ν.
505 2888 573 2965 570·
596 2886 689 2945 Rihb.
714 2907 737 2946 1.
759 2906 792 2967 p.
825 2888 902 2966 179).
1413 2944 1416 2949 ,

384 2983 561 3046 oriundae.
585 3019 624 3032 -
649 2985 675 3043 0
697 2992 798 3064 pater,
834 2981 1005 3064 agenitar¹
1031 3004 1048 3042 ο
1082 3003 1222 3064 sanguen
1250 2983 1298 3044 dis
1324 2982 1512 3044 oriundum.

1173 3082 1266 3161 (Eun.
1285 3082 1374 3142 Ana.
1396 3091 1473 3158 1¹7)-

388 3176 578 3240 Valaendus
605 3211 643 3224 -
663 3177 786 3237 Clamas
807 3177 845 3237 ad
867 3178 985 3239 eaelum
1010 3177 1184 3239 uoluendu’
1200 3199 1252 3259 per
1267 3178 1393 3240 aethera
1414 3178 1512 3258 uegit.
1620 3217 1623 3221 -

1048 3277 1139 3355 (Enn.
1155 3277 1246 3338 Ann.
1266 3297 1329 3351 xvi,
1345 3296 1374 3336 v.
1391 3276 1463 3353 472)

423 3373 491 3450 Quo
506 3370 669 3444 uoluenda
684 3371 799 3431 micant
811 3372 927 3433 aeterni
940 3372 1039 3432 sidera
1056 3372 1165 3432 mundi
1180 3375 1282 3452 (Lucr.
1298 3394 1327 3444 v,
1349 3373 1427 3448 116).

423 3468 518 3528 Glans
535 3467 627 3528 etiam
641 3469 733 3549 longo
748 3489 839 3528 cursu
857 3468 1020 3530 uoluenda
1033 3469 1172 3550 liquescit
1189 3469 1244 3547 (Id.
1258 3491 1299 3542 vr,
1317 3471 1394 3549 179).

392 3611 532 3682 Harum
556 3625 675 3683 autem
698 3610 891 3683 uerborum
913 3611 978 3682 tria
999 3611 1205 3706 (labundus,
1226 3610 1414 3699 oriundas,
1438 3610 1517 3681 aal-

345 3725 493 3820 aendas)
508 3726 553 3797 ad
567 3726 604 3797 id
617 3750 734 3821 genus
749 3726 929 3822 pertinent
945 3709 1036 3824 quae
1051 3751 1133 3796 cum
1147 3725 1322 3798 eiusmodi
1338 3725 1516 3797 actionem

345 3840 550 3936 exprimant
565 3865 673 3937 quam
689 3840 751 3936 qui
764 3839 847 3912 facit
858 3841 953 3912 idem
969 3839 1117 3937 patitur,
1135 3840 1292 3912 maxime
1307 3840 1353 3911 ad
1369 3851 1518 3912 retran-

343 3952 518 4026 sr'tiaam2
554 3954 856 4050 significationem
891 3957 1077 4028 accedunt.
1114 3955 1220 4047 Quod
1256 3953 1364 4026 etiam
1397 3969 1518 4027 noster

344 4093 463 4140 sermo
490 4069 674 4156 admonet,
708 4069 745 4139 in
775 4094 848 4166 qua
875 4070 1054 4143 labundus
1079 4069 1284 4168 palpasse,
1308 4084 1370 4142 aut
1394 4069 1520 4167 quise

344 4183 466 4281 qlz'sse,
485 4183 673 4272 oriundus,
705 4183 772 4280 qui
792 4184 930 4277 selene,
957 4185 1129 4276 uertitur3
1155 4198 1191 4257 et
1214 4184 1251 4255 in
1286 4185 1365 4282 ipsa
1392 4183 1518 4256 Latina

380 4503 403 4552 1.
424 4503 464 4551 De
484 4501 587 4564 eisqui
605 4500 710 4565 optime
730 4501 887 4563 disputauit
903 4500 1026 4550 Persson
1047 4499 1147 4549 abesse
1161 4502 1243 4561 putet
1260 4499 1402 4549 nationem
1420 4511 1519 4548 neces-

347 4577 451 4629 sitatis.
471 4576 549 4633 Qucd
563 4576 598 4624 ad
615 4582 743 4625 nostrum
756 4577 931 4639 propositum
950 4575 1019 4624 satis
1037 4578 1089 4625 est.
1108 4607 1111 4610 ⁴

378 4657 403 4706 2.
424 4655 467 4706 Ct.
490 4657 638 4716 warram,
664 4668 691 4704 a.
724 4668 749 4706 e.
777 4668 805 4717 p.
831 4655 895 4714 1893
924 4657 953 4703 et
980 4654 1115 4704 Graecum
1141 4667 1232 4716 usum,
1259 4653 1287 4702 in
1313 4665 1376 4716 quo,
1400 4666 1429 4702 v.
1458 4665 1519 4716 gr„

286 4755 287 4758 ¹
348 4728 536 4828 &recreatum
553 4752 582 4768 =
600 4728 759 4831 &renuitae
