3330 5574
186 519 205 575 4
667 520 872 568 PROOEMIUM

114 812 122 827 ,
184 746 316 834 liabet3
339 744 410 816 iam
431 769 517 816 uero
533 743 754 841 gerundium
773 769 856 816 cum
877 743 1082 816 accusatiuo
1101 740 1231 815 obiecti
1248 738 1370 813 raris·

185 870 274 942 sime
293 881 498 965 comparet:
522 868 618 965 quod
634 881 826 965 utrumque
841 884 984 941 notasse
1008 866 1095 940 utile
1115 879 1181 955 est,
1211 878 1251 937 ut
1265 863 1371 936 infra
1423 920 1428 927 .

186 992 439 1065 declarabitur.

234 1135 331 1205 Ante
343 1131 522 1205 Plautino
537 1144 716 1231 temporo,
734 1158 815 1204 rara
832 1132 968 1205 formae
983 1131 1020 1202 in
1036 1130 1148 1202 -nu'us
1163 1127 1369 1201 desinentis

187 1257 355 1353 uestigia,
373 1255 435 1327 sed
452 1256 487 1326 in
504 1256 555 1327 eis
575 1281 667 1354 quae
686 1270 880 1327 occurrunt
899 1280 965 1326 nec
982 1279 1068 1325 usus
1088 1251 1255 1350 gerundii
1277 1275 1368 1322 oum

185 1381 315 1454 obiecti
333 1379 538 1452 accusatiuo
557 1378 752 1468 inuenitur,
775 1405 891 1476 neque
905 1378 1100 1476 gerundiui
1115 1377 1173 1449 ille
1190 1401 1367 1474 ususque

186 1505 396 1601 designatur
419 1503 505 1601 quid
521 1502 598 1575 fieri
613 1503 742 1575 debeat
755 1503 781 1591 ¹,
800 1517 860 1574 aut
875 1502 1035 1574 futurum
1057 1501 1119 1590 sit3
1142 1501 1366 1598 gerundium

188 1629 265 1700 sine
284 1627 438 1717 obiectu,
458 1641 493 1698 et
506 1626 749 1723 gerundiuum
765 1627 841 1698 siue
858 1626 1014 1722 passiue,
1037 1625 1113 1697 siue
1129 1625 1244 1697 actiue
1260 1650 1368 1696 usur·

129 1772 133 1781 ’
189 1766 327 1849 patum,
361 1763 567 1823 occurrunt.
594 1751 686 1821 Nam
713 1749 932 1847 gerundium
959 1749 1091 1846 legitur
1122 1749 1160 1818 in
1196 1748 1367 1820 columna

188 1877 367 1947 Rostrata
382 1876 408 1964 ⁹,
437 1899 530 1946 anno
554 1874 601 1945 U.
626 1874 666 1946 C.
695 1875 766 1971 494
785 1879 881 1960 (ante
906 1872 1090 1945 Christum
1114 1872 1198 1967 260)
1222 1862 1366 1943 Duellio

189 1999 336 2096 posita:
364 1998 614 2094 Moeelumque
645 1997 786 2095 opidum
811 1997 851 2068 ui
864 1995 1092 2095 pucnondocl
1113 2007 1221 2094 oepet.
1252 1995 1368 2067 Adest

190 2123 297 2194 etiam
311 2120 554 2216 gerundiuum
567 2121 984 2218 passiuasignificatione
999 2120 1200 2192 adhibitum
1211 2119 1248 2190 in
1261 2118 1366 2214 frag-

190 2245 320 2316 mentis
347 2272 395 2314 xn
420 2243 637 2316 Tabularum
671 2270 761 2342 quas
787 2243 982 2316 decemuiri
1008 2268 1103 2315 anno
1128 2244 1188 2341 U.⁴
1215 2244 1256 2314 G.
1296 2242 1368 2328 304

194 2368 290 2465 (ante
324 2368 365 2439 C.
404 2368 491 2462 450)
520 2380 822 2465 proposuerunt:
855 2393 873 2438 u
895 2367 986 2462 Quet'
1009 2392 1089 2439 cum
1114 2367 1182 2439 telo
1212 2364 1368 2439 hominis

193 2491 379 2564 occidendi
408 2517 520 2564 causo
554 2490 793 2589 deprehensos
817 2491 980 2588 souert't,
1014 2491 1162 2589 lropt'tol
1191 2489 1303 2562 estod.
1344 2517 1363 2560 »

196 2616 302 2708 Quod
330 2614 527 2712 capitulum
548 2615 610 2712 qui
631 2614 740 2686 refert
767 2615 969 2687 Danetius3
997 2640 1069 2713 quo
1098 2627 1243 2686 auctore
1264 2638 1369 2686 reee-

194 2740 287 2838 perit
310 2764 383 2810 non
404 2738 573 2811 declarat.
592 2738 663 2811 Sed
681 2764 701 2810 a
717 2738 843 2835 primis
859 2738 969 2810 Urbis
987 2739 1124 2811 Rornae
1141 2737 1368 2835 temporibus

196 2877 410 2961 usurpatum
446 2863 691 2959 gerundium,
728 2887 1010 2960 expressamque
1047 2887 1125 2934 esse
1164 2862 1369 2960 gerundiuo

197 2987 374 3058 actionem
386 3011 478 3082 quae
491 2986 604 3075 fieret,
616 2999 677 3057 aut
688 2985 839 3057 actionis
855 2985 1007 3059 infectae
1019 3011 1155 3058 meram
1170 2986 1367 3076 notionem,

197 3108 411 3182 confirmant
448 3109 712 3182 uetustissimae
748 3134 934 3182 sacrorum
965 3110 1139 3183 formulae
1178 3136 1199 3182 a
1233 3110 1371 3182 Catone

198 3246 374 3322 seruatae,
406 3248 444 3305 ut
468 3259 475 3306 :

238 3437 286 3496 Dc
301 3456 357 3516 aq.
376 3456 403 3496 c.
426 3437 531 3506 1342:
549 3437 622 3496 lano
637 3445 752 3497 struem
775 3440 828 3514 (un
849 3440 971 3519 gateau)
993 3447 1165 3498 ommouelo
1180 3436 1246 3500 sic:
1268 3459 1283 3496 «
1300 3438 1372 3498 Iane
1394 3495 1396 3499 Α

199 3552 284 3624 pater
299 3552 327 3601 te
344 3541 401 3601 hac
419 3550 502 3602 strue
525 3542 729 3602 ommouenda
750 3542 846 3603 bonas
867 3565 970 3625 preces
991 3565 1096 3626 precor
1120 3544 1164 3604 uti
1186 3544 1244 3605 sies
1265 3545 1372 3605 uolens

200 3647 351 3729 propitius
365 3647 441 3706 mihi
458 3670 473 3706 >r
487 3669 494 3722 ;
516 3648 620 3718 1413:
639 3671 656 3706 t<
668 3648 804 3708 harunce
819 3670 921 3709 rerum
934 3671 1018 3732 ergo,
1036 3648 1124 3710 fundi
1136 3661 1231 3711 terrae
1244 3651 1373 3733 agrique

201 3752 260 3813 mei
289 3752 440 3813 lustrandi
475 3753 640 3834 lustrisque
667 3753 798 3814 faciendi
826 3775 916 3836 ergo,
939 3755 1029 3816 sicuti
1057 3756 1120 3816 dixi
1131 3805 1140 3833 ‚
1166 3767 1263 3818 macte
1291 3756 1372 3818 hisce

200 3858 455 3919 suouitaurilibus
472 3858 658 3920 inmolandis
677 3870 754 3921 esto.
779 3883 795 3919 n

1392 4040 1406 4069 0

681 4087 1370 4116 ------------.Ἳ,.-

233 4239 257 4287 1.
272 4240 304 4287 In
320 4238 432 4301 legibus
445 4251 515 4303 quae
533 4239 632 4302 reqiae
654 4239 785 4291 dicuntur
801 4240 851 4302 tcf.
866 4239 984 4296 Grnneu,
995 4237 1095 4289 Testes
1108 4238 1144 4290 de
1158 4239 1243 4292 Droit
1255 4241 1375 4292 romain

201 4313 289 4377 Paris,
313 4315 381 4370 1890,
406 4313 472 4377 4.3),
496 4313 603 4378 pluries
621 4315 724 4377 legitur
741 4315 842 4366 darier
859 4317 983 4378 oportet,
1006 4327 1150 4378 nunquam
1167 4315 1303 4366 dandum
1323 4319 1375 4381 est,

203 4389 253 4438 sed
270 4402 318 4440 eae
334 4402 390 4438 non
408 4389 513 4440 multae
531 4392 608 4440 sunt.

233 4477 258 4528 2.
277 4477 350 4534 Quae
368 4477 397 4526 in
416 4491 449 4526 ea
469 4477 601 4539 leguntur
618 4476 757 4539 inscripta
778 4479 858 4539 putat
882 4478 1038 4528 Mommsen
1059 4477 1141 4528 initio
1168 4478 1288 4541 imperii,
1310 4482 1377 4529 tem·

201 4551 325 4688 porqquq
348 4551 441 4676 linem
465 4551 592 4602 defendit
617 4552 712 4612 Boon,
737 4551 879 4603 Eoriture
904 4555 930 4603 et
957 4553 1191 4617 prononciatiou
1215 4554 1256 4604 du
1286 4552 1375 4609 latin,

234 4713 261 4764 3.
281 4713 504 4765 Dictionarium
524 4713 742 4778 antiquitatum
761 4713 969 4768 Romanarum
986 4719 1013 4769 et
1031 4715 1223 4768 Graecarum.
1241 4714 1380 4766 Amstelo·

204 4791 279 4844 demi
292 4791 411 4851 Macer,
425 4807 454 4857 p.
475 4793 533 4846 550.
