3330 5574
282 474 301 531 8
574 481 618 525 DE
643 480 831 528 GERUNDIVI
856 482 891 527 Vl
913 441 1157 544 ΙΑΝΤΙΩΙΠὸὃΙΜΑ

283 719 321 777 ut
336 707 499 779 omittam
513 706 625 779 Indici
646 706 747 778 uerbi
761 733 877 804 genus
892 707 940 779 ita
956 706 1129 803 distingui
1146 720 1183 778 ut
1202 706 1350 779 alteram
1369 704 1453 777 sitt-

282 820 1453 919 metipstuocem1,atteramalrt'uocemhabeat,Graecumuerhum

282 951 343 1008 aut
357 937 515 1008 medium
530 950 584 1008 est
594 950 655 1008 aut
665 937 836 1008 actiuum.
852 939 900 1008 At
914 937 1028 1009 medio
1040 962 1103 1008 seu
1119 935 1304 1033 resteoor'uo
1320 937 1454 1007 uerbo²

282 1076 364 1122 cum
399 1052 476 1124 Indi
511 1065 587 1123 tum
625 1052 753 1123 Graeci
786 1077 892 1148 saepe
921 1066 1070 1124 utuntur
1097 1052 1142 1123 ad
1179 1051 1452 1147 exprimendam

276 1166 467 1264 poaaiuum
493 1165 806 1262 significationem.
837 1167 961 1265 Neque
981 1166 1018 1238 id
1044 1166 1188 1264 quidem
1220 1165 1351 1236 mirum
1372 1179 1451 1237 est:

226 1326 228 1330 -
283 1307 381 1364 nam,
404 1295 442 1353 ut
459 1281 581 1353 docuit
601 1281 830 1353 doctissimus
850 1282 905 1352 uir
924 1282 974 1352 M.
991 1280 1131 1369 Brea13,
1150 1307 1169 1351 a
1190 1280 1386 1352 maioribus
1405 1280 1453 1351 ita

282 1396 478 1468 sententiae
494 1395 585 1467 ratio
605 1394 769 1468 instituta
785 1409 893 1468 estut
909 1396 947 1466 in
963 1421 1017 1485 ea,
1034 1395 1136 1493 quasi
1150 1395 1188 1465 in
1203 1394 1323 1466 fabula
1339 1407 1450 1483 actor,

282 1510 482 1582 subiectum
503 1536 646 1607 semper
671 1512 813 1607 agentis
834 1512 930 1582 uices
955 1525 1066 1607 gerat.
1098 1512 1220 1607 ltaque
1240 1511 1285 1582 ad
1307 1535 1453 1581 sensum

282 1626 425 1722 passiue
446 1626 702 1698 declarandum
721 1625 905 1698 ressexiuis
920 1651 983 1697 seu
1003 1625 1131 1697 mediis
1152 1625 1309 1696 maxime
1329 1623 1453 1696 formis

283 1741 339 1812 usi
362 1754 458 1831 sunt,
489 1741 527 1811 in
553 1740 684 1838 quibus
710 1741 911 1813 subiectum
939 1755 978 1812 ut
1006 1765 1118 1837 agens
1143 1739 1191 1834 (in
1216 1766 1254 1810 se
1282 1739 1453 1834 autstbr')

283 1856 524 1928 induceretur.

333 1971 438 2062 Quod
457 1971 506 2042 ita
533 1970 666 2043 factum
686 1995 765 2043 esse
789 1970 825 2040 in
846 1971 972 2043 Latino
999 1996 1178 2059 sermone,
1206 1985 1241 2042 et
1260 1969 1352 2041 ratio
1374 1969 1453 2065 ipsa

284 2099 431 2182 propter
456 2085 607 2182 originis
636 2085 908 2158 similitudinem
930 2110 971 2157 ac
991 2086 1287 2158 communitatem
1312 2084 1450 2174 suadet,

284 2214 319 2272 et
333 2214 454 2272 uetera
469 2200 668 2273 litterarum
684 2213 916 2272 monumenta
932 2215 1120 2272 testantur.
1139 2200 1231 2271 Nam
1247 2199 1354 2270 simul
1370 2224 1452 2271 cum

284 2315 335 2388 eis
357 2314 482 2387 formis
503 2315 644 2406 mediiS,
664 2341 755 2413 quae
775 2340 857 2386 cum
877 2315 976 2405 alibi,
999 2329 1076 2387 tum
1096 2315 1253 2386 maxime
1273 2314 1308 2385 in
1332 2315 1452 2387 uerbis

283 2429 538 2527 deponentibus
579 2444 772 2526 apparent,
818 2429 929 2501 fuisse
962 2429 1128 2501 uidentur
1169 2429 1276 2501 etiam
1316 2430 1452 2501 actiuae

284 2543 434 2635 formae,
452 2570 606 2642 quorum
622 2545 736 2615 maior
752 2569 836 2640 pars
854 2544 1013 2632 euanuit,
1035 2569 1170 2640 paucae
1184 2558 1449 2615 remanserunt.

285 2659 336 2730 lta
354 2684 435 2730 cum
449 2659 633 2756 pt'pneror
645 2659 806 2756 pt'pnero
830 2658 1018 2747 remansit,
1046 2659 1108 2731 sed
1128 2684 1210 2730 cum
1237 2671 1320 2730 utor
1342 2657 1452 2729 fuisse

283 2774 465 2870 quondam
499 2774 593 2861 *ut0,
622 2773 719 2871 quod
750 2772 867 2869 periit,
901 2773 1048 2844 Catonis
1078 2772 1167 2846 utito
1202 2775 1315 2870 (ΑΨ.
1352 2772 1424 2843 Col
1441 2828 1448 2842 .

285 2889 436 2985 96,123>
462 2888 643 2960 admonet.
664 2888 782 2985 Atque
806 2886 942 2959 formae
973 2887 1112 2960 mediae
1132 2888 1277 2983 passiua
1308 2887 1451 2984 signifi-

285 3003 424 3074 catione
442 3002 622 3074 interdum
638 3002 817 3075 adhibitae
836 3016 943 3073 sunt:
964 3003 1061 3100 quod
1077 3003 1121 3075 de
1134 3003 1245 3074 uerbo
1253 3001 1454 3100 prpneruri

285 3131 420 3190 eertum
437 3130 503 3205 est,
522 3117 566 3189 de
583 3117 694 3189 uerbo
711 3116 907 3188 utiGellius
921 3118 1063 3213 (15.23)
1079 3131 1240 3189 testatur.

334 3242 457 3338 ltaque
480 3241 577 3337 quod
597 3240 642 3313 ad
665 3239 947 3331 usum⁴attinet,
974 3255 1013 3312 ut
1037 3241 1075 3312 in
1103 3241 1223 3313 lndioa
1253 3253 1287 3312 et
1316 3242 1451 3312 Graeca

284 3356 422 3452 lingua,
452 3355 503 3427 sic
532 3370 565 3428 et
593 3355 629 3425 in
656 3355 782 3427 Latina
808 3354 875 3426 fuit
901 3356 1003 3427 initio
1031 3381 1148 3452 genus
1176 3355 1278 3427 uerbi
1301 3355 1448 3452 duplex,

284 3470 436 3542 alterum
468 3471 641 3562 actiuum,
676 3471 826 3543 alterum
854 3471 1013 3542 medium
1046 3472 1143 3568 quod
1175 3471 1282 3543 etiam
1309 3471 1452 3567 passiue

284 3600 496 3682 usurpatum
512 3600 577 3658 est.
603 3587 675 3657 lam
693 3586 789 3682 apud
804 3586 961 3658 Graecos
976 3590 1022 3680 (et
1037 3587 1157 3684 Indos)
1172 3587 1259 3658 haec
1271 3586 1451 3658 distinctio

317 3923 340 3972 1.
361 3922 580 3984 Atmanepadam
597 3942 626 3962 =
643 3919 772 3983 sibiipsi
788 3933 856 3979 uox;
874 3921 1114 3984 parasmaipadam
1129 3944 1158 3961 =
1176 3919 1230 3971 alii
1248 3933 1316 3972 uox.

316 4003 342 4052 2.
365 4002 407 4051 Gi.
428 4003 562 4051 Rtuuauu
574 4004 602 4051 et
619 4000 759 4056 Gonnzan,
775 4012 802 4050 ο.
819 4013 842 4050 c.
860 4003 872 4059 ἓ
888 4001 934 4051 101
949 4013 992 4064 sq.
1007 4002 1157 4056 annnx,
1176 4013 1201 4050 o.
1217 4015 1256 4058 c.‚
1269 4013 1299 4064 p.
1321 4001 1376 4050 189.

315 4082 340 4128 3.
359 4079 447 4131 Essai
464 4080 500 4130 de
521 4079 716 4142 remanetque.
739 4093 768 4143 p.
792 4080 831 4139 91,
850 4079 898 4128 ubi
921 4081 990 4130 haec
1007 4080 1126 4130 maxime
1142 4079 1267 4130 notanda
1287 4083 1363 4130 sunt.
1382 4096 1394 4125 «
1413 4078 1451 4131 Ge

284 4157 355 4206 n'est
371 4168 422 4219 pes
441 4170 494 4219 que
515 4155 595 4204 l’idee
608 4155 646 4204 du
662 4153 753 4218 passif
765 4153 806 4205 1111
828 4153 943 4204 difficile
960 4155 977 4204 a
993 4156 1155 4205 concevoir:
1174 4171 1186 4201 u
1203 4156 1232 4217 je
1247 4155 1306 4204 suis
1323 4155 1420 4218 trappe
1438 4172 1450 4202 »

284 4232 356 4281 n'est
370 4245 421 4294 pas
434 4231 496 4292 plus
512 4230 628 4280 malaise
640 4229 657 4279 a
669 4230 850 4292 comprendre
865 4243 917 4292 que
934 4246 945 4275 a
961 4232 989 4292 je
1003 4230 1099 4293 nappe
1112 4247 1136 4281 ».
1154 4231 1193 4280 La
1207 4229 1342 4280 difficulte
1356 4231 1453 4280 venait

284 4305 423 4356 d’aiiteurs
438 4321 444 4355 :
463 4305 517 4355 elle
529 4305 668 4355 venaitdu
680 4304 746 4367 plan
760 4305 794 4354 de
809 4318 859 4354 nos
872 4303 998 4366 langues,
1013 4307 1060 4368 qui
1071 4307 1114 4354 est
1123 4317 1157 4354 en
1168 4305 1372 4354 contradiction
1382 4317 1451 4355 avec

284 4381 365 4430 l'idee
382 4381 504 4443 passive,
522 4380 563 4430 les
580 4380 699 4442 langues
716 4379 985 4442 indo-europeennes
998 4380 1160 4441 presentant
1176 4379 1204 4428 la
1220 4381 1322 4443 phrase
1340 4393 1406 4430 sous
1424 4379 1452 4429 la

284 4457 372 4505 forme
384 4456 448 4505 d'un
463 4457 534 4519 petit
546 4456 640 4505 drame
653 4454 689 4504 ou
701 4455 727 4504 16
738 4457 813 4517 sujet
828 4458 870 4505 est
885 4457 1013 4517 toujours
1030 4456 1188 4516 egissent.»

313 4537 340 4586 1.
361 4537 421 4584 Hoc
442 4536 523 4584 modo
552 4533 720 4597 loquendum
743 4535 874 4584 uidetur:
896 4546 960 4582 nam
990 4532 1130 4584 fuerintne
1152 4536 1181 4583 in
1201 4535 1301 4584 Latino
1324 4549 1451 4585 sermone

283 4610 397 4674 formae
414 4610 649 4674 medio-passiuae
673 4609 851 4671 etymotopia
871 4608 977 4656 similes
1000 4608 1122 4671 Graecis,
1145 4609 1192 4659 hie
1209 4622 1265 4659 non
1282 4610 1384 4672 agitur.
1410 4613 1451 4661 De

284 4699 317 4734 ea
338 4698 376 4742 re,
394 4685 468 4741 uide,
488 4685 535 4740 sis,
555 4697 625 4746 quae
641 4684 754 4734 disserit
771 4685 903 4732 anuann
919 4686 946 4732 et
960 4683 1100 4746 Gonnznn,
1119 4681 1253 4735 Gramm.
1269 4697 1367 4749 comp.
1386 4698 1405 4746 1,
1424 4686 1449 4736 16

284 4759 514 4823 medio-passii‚§
530 4760 584 4815 536,
599 4772 642 4821 sq.
1379 4789 1381 4792 .
