3330 5574
633 482 678 526 nn
703 480 858 527 crnuuon
882 481 1020 529 onrcmu
1375 474 1415 534 33

244 701 423 775 interdum
450 702 655 775 accusatiuo
664 728 672 791 3
696 728 813 800 neque
840 703 936 774 enim
958 703 1140 775 dicimus:
1170 703 1413 800 pupnandum

243 841 362 913 praue
376 829 442 908 est,
460 817 491 889 le
508 818 707 894 combuttre
721 836 775 889 est
789 818 857 889 dur
872 845 906 889 n.
926 818 1066 891 Dicitur
1082 818 1228 915 quidem
1241 843 1416 915 papnun-

246 931 409 1020 domest,
420 931 664 1029 pupnondum
680 957 755 1003 esse
767 958 904 1022 censeo,
917 934 981 1005 sed
991 933 1026 1003 in
1038 932 1216 1004 eiusmodi
1228 933 1416 1006 structuris

133 1033 136 1038 ’
239 1046 492 1143 peccandum,
507 1072 592 1136 non,
612 1062 649 1118 ut
657 1046 875 1144 puqnono'o,
889 1073 1030 1119 merum
1046 1047 1173 1145 infecti
1186 1048 1415 1145 participium

247 1175 313 1251 est,
343 1162 406 1233 sed
438 1162 539 1259 quod
549 1161 648 1261 steri
668 1174 810 1260 oportet
839 1162 1030 1259 significat.
1055 1165 1178 1260 ltaque
1198 1163 1417 1260 gerundium

247 1301 328 1347 cum
346 1291 552 1349 constructo
576 1277 779 1373 gerundiuo
795 1278 1034 1349 nientionelum
1057 1290 1109 1349 est
1130 1279 1192 1349 uix
1213 1265 1418 1375 comparari

247 1405 385 1488 potest:
404 1418 477 1464 non
493 1405 579 1463 sunt
593 1392 752 1464 eiusdem
769 1393 913 1489 generis
930 1408 991 1465 aut
1007 1393 1147 1483 saltem,
1164 1393 1195 1464 si
1215 1418 1259 1464 ex
1276 1394 1417 1482 eodem,

246 1520 283 1578 ut
299 1507 347 1579 ita
362 1507 479 1579 dicam
497 1533 581 1596 auc,
600 1533 673 1579 non
693 1533 736 1580 ex
754 1508 880 1580 eodem
889 1520 1003 1605 putre
1018 1508 1195 1580 oriuntur.
1215 1509 1419 1606 Utrumque

247 1646 331 1712 sane
364 1623 410 1693 ad
440 1622 720 1720 impersonalem
757 1648 864 1721 quem
907 1623 1030 1695 dicunt
1066 1624 1215 1695 modum
1250 1623 1416 1720 pertinet,

246 1735 507 1833 significatione
531 1762 679 1834 prorsus
700 1738 883 1809 differunt.
910 1740 1032 1835 ltaque
1055 1737 1143 1810 haec
1165 1737 1319 1835 probare
1346 1763 1418 1810 non

246 1876 351 1948 queo,
372 1877 464 1949 quae
487 1853 530 1924 de
550 1877 589 1923 ea
611 1878 649 1924 re
670 1852 848 1924 Lebretun
868 1852 909 1947 (l.
933 1853 948 1925 l
954 1910 960 1923 .
984 1878 1021 1949 p.
1043 1878 1088 1924 20
1102 1853 1210 1948 [164]
1228 1853 1388 1950 scripsit)
1407 1879 1414 1924 :

248 1992 267 2036 «
286 1966 405 2038 L'idee
420 1966 634 2057 d’intention
651 1993 697 2039 ou
713 1966 948 2064 d’ohligation
965 1970 1112 2064 penetra
1133 1968 1223 2040 dans
1243 1967 1417 2040 certaines

245 2082 506 2154 constructions
529 2084 577 2154 du
603 2082 776 2180 gerondif
798 2082 1053 2180 (nuntiandum
1081 2095 1146 2173 est,
1171 2082 1224 2155 od
1245 2083 1418 2156 nuation-

244 2198 342 2287 dam,
372 2203 487 2288 etc.).,
517 2199 703 2271 demente
730 2198 859 2297 qu’elle
886 2199 999 2270 s'etait
1028 2197 1223 2271 introduite
1250 2199 1340 2271 dans
1367 2199 1418 2270 les

245 2308 509 2386 constructions
535 2313 723 2410 parallelas
749 2315 793 2386 de
819 2313 993 2411 l'adjectif
1011 2339 1054 2386 en
1072 2314 1181 2386 -ndus
1202 2327 1237 2386 et
1256 2340 1347 2412 pour
1367 2315 1417 2386 les

245 2432 380 2500 memes
410 2428 545 2500 motifs.
581 2457 599 2500 u
636 2430 729 2499 Nam
758 2427 996 2500 nuntiandum
1031 2441 1083 2500 est
1117 2430 1162 2501 ad
1198 2429 1416 2526 gerundium

246 2543 394 2615 minime
414 2544 589 2640 pertinet3
612 2558 679 2633 est,
699 2557 737 2615 ut
755 2543 802 2614 ita
822 2543 952 2633 dicam,
975 2557 1076 2616 extra
1091 2544 1322 2641 gerundium.
1343 2545 1417 2615 lam

246 2683 331 2729 uero
364 2660 461 2730 notio
490 2658 727 2748 necessitatiS,
750 2657 872 2747 officii,
902 2659 1091 2755 propositi,
1128 2658 1163 2730 in
1192 2671 1417 2731 structuram

246 2773 380 2846 nullom
402 2774 546 2846 inducta
570 2789 636 2863 est,
658 2773 722 2845 sed
742 2799 825 2845 cum
846 2772 918 2871 ipsi
932 2774 1150 2871 perendino,
1171 2800 1213 2846 eo
1231 2776 1338 2847 modo
1355 2775 1418 2872 qui

245 2887 483 2962 infradicetur
501 2892 551 2986 (p.
571 2889 945 2987 42sq.),accreuisset,
957 2888 1024 2960 hoc
1039 2915 1119 2960 cum
1136 2890 1247 2961 uerbo
1255 2915 1343 2980 esse,
1360 2890 1417 2962 uel

246 3005 431 3076 enuntiato
448 3005 623 3093 subiecta,
642 3003 842 3076 adhibitum
859 3003 1078 3096 (nuntianda
1095 3007 1248 3098 rescat),
1267 3003 1324 3075 uel
1339 3004 1417 3077 sine

245 3118 405 3191 subiecto
420 3119 672 3216 (nuntiandum
692 3121 772 3214 est),
790 3144 869 3190 eam
893 3144 963 3191 non
983 3119 1132 3217 accepit,
1161 3120 1224 3191 sed
1251 3118 1412 3192 retinuit.

295 3235 418 3332 ltaque
450 3260 531 3306 cum
567 3234 715 3331 perfecti
749 3234 939 3331 participio
971 3233 1113 3328 (lectus)
1142 3259 1183 3306 ea
1216 3233 1317 3306 notio
1343 3260 1415 3306 non

245 3349 453 3439 accreuerit,
476 3350 512 3420 in
534 3375 589 3440 ec,
607 3375 689 3421 cum
709 3348 821 3421 uerbo
840 3374 915 3420 esse
934 3349 1065 3445 positu,
1086 3375 1271 3447 nunquam
1301 3349 1414 3438 adest,

245 3464 321 3554 siue
341 3489 423 3536 cum
448 3465 609 3537 subiecto
636 3464 742 3558 (lecto
766 3463 927 3561 Odyssea
947 3466 1027 3558 est),
1056 3464 1133 3535 siue
1157 3465 1235 3535 sine
1255 3463 1415 3536 subiecto

247 3577 388 3674 (lectum
403 3582 470 3674 est)
486 3580 643 3677 ponitur.
662 3579 731 3650 Sed
749 3604 794 3651 ne
810 3579 845 3647 in
860 3578 1082 3650 nominatiuo
1098 3604 1183 3650 casu
1197 3579 1416 3679 gerundium

244 3717 382 3765 meram
399 3694 499 3766 uerbi
511 3693 811 3790 significationem
822 3693 1054 3789 exprimeret,
1068 3692 1116 3765 ita
1135 3706 1174 3764 ut
1188 3693 1416 3790 possethunc

244 3808 363 3881 locum
383 3824 572 3882 uacantem
590 3834 766 3906 occupare
787 3833 913 3880 sensus
933 3808 1170 3898 necessitatis,
1190 3807 1255 3880 hoc
1274 3808 1416 3880 uidetur

246 3923 584 4013 maximeeffecisse,
595 3924 692 4022 quod
703 3937 779 3995 erat
788 3923 902 3995 forma
913 3922 1012 3994 finita
1023 3948 1115 4019 quae
1130 3923 1166 3994 id
1176 3923 1413 4023 exprimeret:

244 4038 341 4134 finge
367 4039 462 4109 enim
492 4038 728 4110 nuntiandum
756 4049 807 4109 est
833 4035 930 4108 nulla
957 4037 1166 4109 inhaerente
1193 4036 1416 4109 necessitatis

244 4153 389 4244 notione
422 4153 644 4225 nominatiuo
667 4179 751 4225 casu
783 4165 1025 4249 usurpatum:
1061 4153 1148 4249 quid
1174 4153 1245 4223 iam
1268 4151 1416 4224 interest

244 4266 336 4339 inter
355 4267 531 4340 eiusmodi
551 4267 788 4340 nuntiandum
807 4278 859 4338 est
879 4280 914 4338 et
931 4266 1157 4338 nuntiatur?
1177 4265 1275 4337 Nihil
1296 4267 1414 4363 magis

244 4407 353 4478 quam
373 4382 466 4454 inter
490 4382 606 4454 currit
623 4396 658 4455 et
678 4407 829 4454 currens
852 4392 904 4453 est
926 4384 1022 4478 quod
1042 4406 1107 4454 nec
1129 4381 1249 4478 ipsum
1269 4381 1410 4454 dicitur.

245 4497 368 4594 ltaque
385 4523 464 4569 eam
484 4497 786 4594 significationem
814 4521 896 4568 cum
916 4495 1062 4569 haberet
1087 4497 1241 4569 'uerbum
1270 4495 1413 4568 finitum

190 4604 192 4608 ⁸
247 4611 479 4705 (nuntiator),
512 4625 699 4685 uacantem
730 4611 994 4684 nominatiuum
1031 4636 1158 4683 sensus
1190 4610 1414 4683 necessitatis

243 4727 447 4822 occupauit.
1219 4733 1222 4743 '

1359 4874 1373 4918 c
