3330 5574
598 573 644 618 nn
668 571 856 621 onnunnrvr
883 573 1016 618 ornnes
1357 568 1394 627 13

229 679 395 689 —--.——..

227 794 295 866 uiri
316 794 434 867 docti¹
463 820 545 866 cum
573 793 670 866 nulla
699 807 818 866 essent
841 795 950 866 uerba
978 793 1046 865 nisi
1072 819 1163 891 quae
1197 808 1392 867 «neutra»

224 910 404 999 dicuntur.
438 910 544 1002 Quod
570 910 615 982 ad
648 909 798 981 uerbum
834 934 1038 1006 «sequor»
1068 910 1193 981 attinet
1219 908 1396 982 intellexit

221 1025 270 1095 M.
291 1024 395 1096 Breal
415 1051 489 1097 non
508 1050 651 1122 semper
666 1023 900 1096 tronsitt'uum
920 1023 1030 1096 fuisse
1052 1024 1120 1096 hoc
1139 1024 1304 1114 uerbum,
1331 1026 1395 1098 sed

224 1165 303 1211 cum
329 1140 430 1236 prius
462 1141 599 1212 Graeco
619 1147 732 1236 ἕπομαι
755 1139 1002 1235 responderet,
1024 1139 1196 1236 paulatim
1226 1139 1393 1236 analogia

225 1256 417 1327 uerborum
448 1255 658 1327 Latinorum
689 1280 780 1353 quae
811 1267 926 1326 motus
950 1254 1118 1326 dicuntur
1142 1258 1193 1348 (v.
1216 1280 1253 1350 g.
1277 1257 1391 1350 peto),

222 1368 355 1441 factum
370 1369 601 1442 transitiuum
612 1372 637 1440 ⁹.
654 1369 754 1461 Quae
765 1369 795 1440 si
810 1369 857 1441 ita
872 1383 968 1457 sunt,
987 1368 1135 1440 ulterius
1147 1369 1235 1439 mihi
1251 1369 1392 1442 uidetur

222 1509 299 1557 esse
318 1485 638 1582 progrediendum,
664 1498 698 1557 et
718 1485 815 1582 quod
837 1484 881 1555 de
903 1484 1013 1556 uerbo
1034 1509 1169 1581 sequor
1187 1483 1273 1556 dicit
1290 1484 1393 1555 locu·

224 1599 445 1695 pletissimus
480 1599 619 1698 antiqui
652 1625 739 1672 usus
775 1598 893 1689 testis,
937 1598 974 1670 id
1010 1599 1053 1670 de
1089 1599 1166 1670 eius
1201 1599 1391 1695 participio

222 1714 428 1792 dicendum.
466 1715 605 1812 Nempe
631 1714 733 1787 uerbi
765 1740 901 1812 sequor
935 1713 1036 1810 prius
1056 1713 1232 1804 reflexim,
1268 1713 1390 1804 medii,

223 1829 456 1916 intransitiui,
481 1845 605 1928 postea
636 1829 818 1903 transitiui
843 1828 941 1919 facti,
965 1829 1139 1901 remansit
1162 1827 1392 1925 participium

222 1943 396 2016 secundus
413 1945 639 2036 ressexiuum,
663 1945 835 2034 medium,
858 1943 1139 2016 intransitiuum.
1160 1944 1256 2015 Haec
1271 1958 1392 2015 autem

221 2083 328 2131 causa
346 2059 413 2132 fuit
432 2085 495 2132 cur
519 2073 720 2132 remaneret
742 2059 1026 2147 intransitiuum,
1048 2059 1144 2156 quod
1162 2059 1285 2131 aderat
1301 2058 1392 2130 alte-

219 2198 300 2245 rum
320 2174 550 2272 participium
583 2175 719 2247 actiuae
741 2174 891 2264 formae,
919 2199 1070 2271 sequens
1088 2173 1181 2263 dice,
1197 2173 1294 2270 quod
1313 2173 1397 2245 illas

222 2303 341 2386 partes
359 2290 567 2362 transitiuae
587 2289 863 2386 significationis
882 2288 1112 2385 exprimeret.

269 2405 392 2502 ltaque
425 2404 614 2494 secundus,
646 2403 854 2492 uoluendus,
891 2401 1081 2492 oriundus,
1106 2402 1283 2474 lobunclus
1307 2416 1392 2474 sunt

219 2519 328 2592 medii
364 2545 426 2591 seu
462 2519 626 2591 reflexiui
652 2519 754 2591 uerbi
773 2517 974 2615 participia.
1011 2519 1085 2588 lam
1124 2543 1211 2588 uero
1244 2518 1280 2588 in
1315 2530 1389 2590 tam

218 2633 375 2732 antiquis
391 2635 635 2706 monumentis
654 2633 889 2706 inueniuntur
906 2631 1061 2705 utnulla
1080 2631 1154 2703 sint
1172 2631 1386 2729 antiquiora.

267 2749 305 2843 3)
323 2749 378 2819 Ex
393 2774 517 2820 eorum
533 2749 643 2846 igitur
656 2748 862 2820 testimonio
877 2747 1134 2844 colligipotest
1147 2746 1390 2843 gerundiuum

218 2863 321 2935 initio
340 2864 569 2961 participium
599 2889 676 2935 esse
703 2863 812 2936 medii
839 2863 954 2952 uerbi,
990 2861 1059 2933 nisi
1080 2874 1201 2933 essent
1232 2861 1294 2959 qui
1328 2887 1389 2934 eas

218 2977 352 3050 formas
387 2979 632 3076 neglegendas
666 2978 823 3075 putent3,
851 2977 948 3075 quod
970 2977 1221 3073 paucissimae
1254 2977 1327 3049 sint
1355 2991 1390 3049 et

217 3107 383 3164 naturam
402 3093 580 3190 participii
600 3093 663 3165 uix
682 3093 850 3165 habeant.

266 3207 338 3280 Sed
361 3208 449 3280 haec
472 3234 545 3282 non
573 3208 665 3280 bene
695 3208 911 3280 obiciuntur.
941 3207 1048 3297 Nam,
1082 3220 1118 3278 ut
1151 3205 1389 3303 paucissimae

216 3336 355 3412 essent,
382 3323 450 3395 hoc
476 3322 633 3395 maxime
662 3322 796 3413 effecit,
817 3323 914 3420 quod
932 3321 1104 3394 ressexiuo
1121 3347 1188 3392 usu
1218 3320 1328 3393 uerba
1347 3346 1388 3392 ac

215 3437 419 3534 gerundiua
443 3438 570 3510 Latina
597 3438 781 3534 passiuam
811 3436 1126 3534 significationem,
1148 3461 1190 3508 eo
1213 3436 1274 3534 qui
1296 3435 1387 3507 infra

215 3655 745 3666 ——n—————-————-—-

247 3790 270 3840 t.
291 3783 395 3846 Bm'ran,
419 3788 506 3841 Esset
527 3788 563 3839 de
584 3783 780 3854 se'maottque,
803 3803 833 3852 p.
858 3789 915 3840 210.
942 3805 953 3834 «
973 3789 1033 3839 Non
1052 3788 1207 3839 seulement
1223 3788 1264 3838 les
1286 3789 1386 3838 verbes

214 3866 326 3915 neutres
345 3867 411 3914 sont
427 3864 468 3913 les
482 3864 545 3928 plus
562 3865 685 3922 enciens,
704 3864 775 3914 mais
786 3878 821 3914 ou
836 3863 897 3914 doit
913 3864 1048 3915 admettre
1061 3877 1115 3913 une
1128 3863 1242 3925 periodo
1257 3864 1293 3913 ou
1309 3864 1328 3913 il
1341 3864 1387 3926 n'y

214 3940 290 3990 avait
307 3952 360 4003 que
373 3939 422 3989 des
439 3939 537 3990 verbes
552 3943 676 3991 neutras.
692 3941 724 3989 Je
735 3940 819 4000 crois,
832 3953 866 3989 en
885 3939 958 3997 effet‚
977 3952 1030 4002 que
1046 3939 1087 3988 les
1101 3941 1173 3988 mots
1188 3942 1237 3989 ont
1252 3939 1295 3988 ete
1309 3938 1387 3989 crees

214 4028 284 4078 pour
301 4015 380 4065 avoir
392 4028 446 4064 une
464 4014 557 4078 pleine
575 4014 765 4078 signification
782 4028 832 4078 par
854 4013 1036 4070 eux-memes,
1055 4017 1083 4064 et
1101 4028 1157 4064 non
1180 4026 1250 4076 pour
1265 4013 1352 4063 servir
1370 4013 1386 4064 a

214 4102 269 4140 une
286 4092 403 4152 syntaxe
425 4090 472 4153 qui
490 4089 633 4144 n'existait
646 4103 698 4152 pas
715 4103 827 4140 encore.
846 4107 858 4136 n

244 4170 270 4220 2.
291 4161 397 4226 Bmitt,
412 4167 499 4220 Esset
513 4169 548 4218 de
558 4169 754 4234 sumentique,
767 4183 797 4232 p.
814 4171 871 4219 217.
888 4185 900 4215 «
914 4168 1028 4232 Sequor
1041 4168 1178 4232 signiflait
1189 4167 1388 4218 litteralement

215 4261 227 4290 «
238 4247 267 4307 je
284 4244 430 4294 m'atteche
447 4261 458 4290 n
474 4259 481 4292 ι
495 4243 513 4293 it
528 4244 700 4306 correspond
712 4258 748 4295 au
762 4257 829 4306 grec
841 4245 933 4308 ἕπομαι
946 4245 992 4308 qui
1008 4244 1097 4308 prend
1109 4243 1191 4308 apres
1206 4243 1245 4293 tut
1261 4243 1287 4293 le
1298 4244 1370 4294 datit
1377 4263 1383 4292 ε

213 4319 283 4369 mais
299 4331 333 4368 on
352 4332 368 4367 a
386 4318 427 4370 dit
438 4319 522 4382 sequi
539 4318 627 4381 feras,
645 4321 729 4382 sequt
743 4320 901 4370 uirtutem.

244 4401 269 4450 3.
291 4400 454 4456 uenenum,
479 4397 576 4461 Verpl.
597 4397 686 4462 Synt.
708 4398 813 4449 nuso:
835 4397 911 4448 «Ich
931 4399 1030 4448 nehme
1058 4399 1110 4448 mit
1134 4398 1312 4448 Weiswetler
1340 4412 1384 4455 an,

216 4473 282 4522 dass
299 4473 327 4522 in
343 4485 461 4522 unserer
476 4473 558 4522 Form
575 4486 629 4522 von
647 4473 762 4535 Antang
776 4473 820 4522 die
842 4473 907 4522 Idee
926 4473 975 4523 des
990 4473 1101 4523 Sollens
1121 4473 1264 4523 enthalten
1282 4488 1350 4524 war.
1361 4509 1382 4525 ..

215 4547 357 4597 Demnach
367 4548 405 4596 ist
416 4547 459 4596 titr
468 4547 628 4605 oriundus,
637 4547 798 4608 tebaudus,
811 4547 981 4599 uoluentes
993 4547 1217 4597 cinebesondere
1228 4548 1388 4610 Itrklarung

215 4635 248 4671 zu
266 4624 383 4672 suehen.
407 4639 419 4668 n
444 4622 494 4672 Cui
512 4619 715 4686 respondet‘V.
740 4624 842 4672 Hnnnr
866 4623 974 4685 (Reuue
994 4624 1132 4687 critique,
1158 4623 1225 4680 1898.
1250 4636 1267 4682 ι,
1287 4637 1316 4685 p.
1332 4624 1385 4685 tot:

215 4713 227 4741 e
248 4697 289 4746 Itn
307 4710 338 4746 ce
353 4711 410 4758 cas,
430 4697 455 4748 le
471 4701 537 4762 type
552 4697 702 4749 oriundus
721 4699 808 4748 serait
819 4697 1004 4762 inexplicable
1016 4701 1043 4747 et
1059 4698 1177 4748 l'auteur
1195 4711 1228 4747 en
1241 4699 1383 4748 convient.

214 4771 287 4822 G’est
303 4786 445 4835 persemer
463 4772 491 4822 la
507 4774 618 4824 sciense
636 4773 791 4836 d¹enigmes
815 4772 958 4832 aplaisir.
980 4790 992 4819 u
1016 4772 1059 4822 Cf.
1080 4775 1239 4829 Leucaten,
1264 4774 1285 4823 t.
1311 4773 1332 4823 l.
1361 4774 1388 4824 15

212 4847 299 4910 [15913
313 4848 452 4906 Pnnssou,
468 4848 488 4900 l.
511 4850 531 4901 l.
553 4862 581 4912 p.
600 4850 642 4900 95.
