3330 5574
552 538 596 582 DE
622 537 810 585 GERUNDIVI
839 534 984 583 TEMPDRE
1298 532 1336 591 19

170 761 307 833 monias
342 760 522 858 pertinent
554 761 797 834 uetustissima
824 760 1081 833 consuetudine
1110 758 1273 850 traditas,
1302 774 1337 831 et

169 877 247 974 ipsa
260 878 373 950 oratio
389 878 610 974 comprobat.

209 1065 328 1145 Agrum
342 1063 471 1124 lustrare
485 1064 528 1123 sic
541 1073 694 1142 oportet...
716 1064 835 1131 Ianum,
854 1064 1017 1142 Iouemque
1039 1063 1111 1122 uiuo
1133 1062 1333 1145 praefamine,

169 1160 211 1220 sic
225 1160 337 1223 dicito:
357 1183 371 1219 a
387 1163 469 1221 Mars
484 1173 578 1243 pater,
592 1171 619 1221 te
634 1182 738 1242 precor
752 1182 924 1242 quaesoque
939 1160 982 1219 uti
996 1160 1054 1221 sies
1069 1161 1173 1220 uolens
1189 1160 1336 1242 propitius

169 1258 297 1332 mihi...,
314 1270 449 1340 pastores
467 1280 622 1340 pecuaque
644 1259 730 1319 salua
746 1259 903 1330 seruassis‚
923 1257 1052 1339 duisque
1072 1258 1185 1318 bonam
1208 1258 1336 1318 salutem

170 1356 435 1444 ualetudinemque
464 1355 538 1416 mihi
566 1357 655 1416 domo
678 1355 874 1436 familiaeque
902 1367 1045 1415 nostrae:
1068 1355 1212 1415 harumce
1234 1377 1336 1416 rerum

168 1474 291 1534 ergo...‚
309 1464 405 1514 macte
413 1453 495 1514 hisce
509 1454 762 1514 suouitaurilibus
774 1453 975 1514 inmolandis
984 1461 1086 1515 esto...
1104 1477 1118 1512 >i
1136 1454 1194 1514 Ubi
1211 1475 1336 1535 porcum

74 1632 78 1640 ³
168 1551 341 1626 inmolahis,
367 1552 448 1612 ...sic
462 1561 599 1633 oportet:
621 1574 639 1610 α
662 1552 789 1632 eiusque
810 1551 851 1611 rei
872 1573 945 1632 ergo
968 1561 1064 1612 macte
1083 1551 1337 1612 suouitaurilibus

170 1648 370 1711 inmolandr's
390 1659 496 1713 esto.»
521 1651 574 1728 (Α,
595 1650 629 1709 C.
649 1650 760 1720 rtur.
779 1670 808 1710 2.
827 1651 856 1712 3.
873 1650 921 1726 t.)

209 1747 287 1807 Cum
310 1746 460 1828 pollucere
480 1747 640 1828 oportebit,
662 1747 705 1807 sic
723 1746 840 1807 facies:
865 1768 883 1805 t<
901 1746 1037 1828 luppiter
1050 1746 1218 1829 dapalis...,
1239 1757 1336 1807 macte

170 1842 225 1904 hac
243 1844 328 1905 illaec
343 1843 419 1927 dape
436 1845 634 1927 polluccndo
650 1857 723 1905 esto.
744 1868 758 1903 >i
777 1845 830 1924 (A.
849 1844 882 1904 C.
905 1846 1011 1922 1321.)

208 1943 394 2023 Priusquam
415 1943 538 2003 messim
558 1943 661 2016 lacieS,
686 1964 809 2026 porcam
832 1942 1063 2025 praecidaneam
1087 1941 1144 2001 hoc
1158 1941 1247 2001 modo
1270 1941 1335 2002 lieri

170 2050 321 2122 oportet...
339 2042 411 2101 lano
423 2051 538 2102 struem
547 2053 718 2102 ommoueto
733 2041 790 2100 sic:
805 2063 822 2098 o
838 2042 909 2100 lane
919 2049 1003 2122 pater
1016 2051 1044 2099 te
1059 2039 1116 2099 hac
1126 2049 1208 2099 strue
1219 2060 1336 2100 ommo-

171 2140 277 2201 uenda
299 2139 395 2199 bonas
413 2161 515 2222 preces
533 2161 647 2222 precor.
667 2163 680 2197 n
701 2142 809 2199 Postea
833 2139 906 2198 lano
926 2137 1034 2197 uinum
1053 2138 1123 2198 dato
1142 2138 1208 2197 sic:
1233 2159 1248 2195 <r
1264 2139 1343 2199 lane

75 2227 77 2231 ’
169 2249 253 2319 pater
265 2237 309 2296 uti
323 2250 350 2298 te
362 2249 444 2297 strue
461 2239 673 2298 ommouendo
689 2237 785 2297 bonas
800 2258 901 2318 preces
915 2235 990 2296 bene
1004 2248 1142 2319 precatus
1160 2258 1240 2308 sum,
1257 2236 1336 2296 eius·

170 2336 238 2395 dem
253 2335 295 2395 rei
310 2356 382 2418 ergo
398 2346 494 2396 macte
510 2335 582 2396 uino
596 2334 705 2395 inferio
720 2347 791 2396 esto.
807 2358 824 2394 n
838 2336 889 2415 (A.
909 2334 942 2395 C.
961 2334 1026 2410 134,
1042 2334 1118 2415 23.)
1140 2341 1141 2344 ’

218 2505 284 2577 His
298 2505 336 2576 in
351 2504 515 2577 formulis
530 2530 637 2578 uoces
653 2530 758 2601 saepe
773 2517 1010 2593 recurrentes,
1030 2528 1048 2572 <t
1065 2502 1331 2596 ammonendos,

171 2621 446 2708 inmolandus»,
468 2621 505 2693 id
522 2622 618 2719 quod
633 2620 752 2718 agitur
767 2645 848 2690 cum
864 2620 985 2715 agitur
1004 2619 1114 2707 aliud,
1133 2633 1193 2690 aut
1208 2617 1332 2690 saltem

171 2737 271 2809 uerbi
289 2737 403 2836 ipsius
423 2737 599 2809 actionem
615 2736 836 2832 exprimunt,
853 2736 1009 2807 sedeam
1029 2734 1227 2833 infestant.
1255 2734 1334 2825 Quo

170 2851 206 2922 in
216 2878 300 2924 casu
313 2868 477 2951 utroque,
489 2879 536 2926 ex
551 2878 659 2949 supra
675 2852 793 2942 dicim,
805 2851 1005 2949 praesentis
1016 2850 1203 2947 participia
1214 2850 1335 2921 uocari

170 2982 333 3065 possunt.

220 3093 256 3184 3)
268 3094 347 3164 Huc
358 3092 531 3164 accedunt
542 3091 676 3164 formae
693 3091 773 3163 illae
788 3092 937 3180 actiuae,
955 3090 1195 3179 uitabundus,
1213 3090 1336 3162 oriun-

169 3208 249 3297 dus,
266 3208 452 3298 secundus,
483 3207 690 3280 soluendus.
714 3207 812 3299 Quas
838 3223 872 3280 et
900 3207 996 3303 ipsas
1023 3207 1110 3277 nihil
1133 3205 1334 3303 exprimere

172 3324 242 3396 nisi
257 3323 357 3395 nerlii
376 3323 553 3396 actionem
573 3325 689 3420 ipsam
709 3323 955 3412 concederem,
976 3324 1097 3412 mod0,
1124 3321 1243 3395 addito
1263 3346 1335 3392 uno

172 3440 297 3530 uerb0‚
315 3439 473 3510 dicerent
494 3439 704 3511 «actionem
726 3437 974 3535 imperfectum
987 3465 1020 3509 n.

221 3564 313 3635 Nam
342 3564 438 3661 quod
465 3563 508 3636 de
535 3563 797 3660 significatione
825 3562 1014 3659 praeterita
1034 3561 1134 3633 uerbi
1161 3559 1336 3632 oriundus

171 3680 328 3778 disputat
342 3680 532 3768 Lebreton,
550 3705 622 3750 non
638 3679 725 3751 satis
740 3679 784 3751 ad
799 3703 873 3750 rem
888 3691 1010 3774 aptum
1026 3691 1094 3748 est:
1116 3703 1134 3745 «
1148 3675 1336 3746 D'ailleurs

172 3796 223 3868 les
247 3794 410 3892 adjectils
437 3794 539 3866 actils
560 3809 640 3866 sont
659 3819 788 3866 encore
815 3793 861 3864 ici
877 3794 939 3864 des
965 3791 1119 3864 temoins
1136 3790 1304 3888 precieux
1325 3815 1333 3878 ;

171 3910 204 3982 le
232 3910 361 3982 suffixa
382 3938 407 4008 y
430 3914 592 4007 apparati
611 3936 750 3981 comme
776 3909 1010 3980 entierement
1029 3908 1142 3980 de'nue
1162 3907 1205 3978 de
1225 3905 1337 4002 signi-

172 4026 314 4098 fication
342 4025 550 4122 temporelle
583 4025 645 4123 qui
678 4025 728 4097 lui
760 4024 829 4096 soit
861 4049 1003 4121 propre.
1038 4022 1153 4112 Ainsi‚
1183 4021 1271 4093 dans
1298 4047 1337 4093 ce
1364 4029 1365 4032 ’

173 4167 325 4238 passage
336 4141 505 4229 d'Anius,
520 4140 616 4213 undo
628 4140 787 4213 lobundo
799 4139 894 4212 sonr't
910 4138 1090 4236 (Ptinict,
1104 4137 1147 4209 fr.
1166 4138 1193 4226 l,
1211 4137 1336 4232 rupo)

206 4477 229 4526 t.
255 4477 378 4526 Eatenus
403 4476 448 4526 his
465 4477 597 4527 assentiri
618 4488 736 4541 possum
758 4488 828 4539 quae
854 4475 990 4525 Lebretou
1015 4474 1084 4523 dicit
1108 4487 1132 4523 o.
1159 4473 1180 4524 t.
1206 4473 1233 4523 18
1258 4473 1335 4534 [teat.

174 4569 185 4598 a
202 4552 259 4610 Que
273 4552 327 4602 l'on
341 4565 473 4616 parcoure
484 4566 519 4601 au
530 4553 667 4602 contraire
678 4551 719 4601 les
736 4553 809 4602 seiae
821 4554 899 4601 cents
912 4549 1051 4615 exemples
1065 4563 1117 4613 quc
1131 4550 1166 4600 M.
1179 4548 1340 4599 Snellmann

175 4627 310 4678 ereleves
327 4629 396 4678 dans
414 4627 455 4677 les
473 4629 599 4678 discours
611 4627 645 4676 de
664 4627 779 4677 Ciceron
797 4629 824 4677 et
837 4627 892 4676 l’ou
910 4641 939 4675 se
954 4627 1128 4682 convaincra,
1145 4628 1173 4687 je
1189 4625 1271 4680 crois,
1289 4637 1341 4686 que

174 4704 309 4766 t’adjectii
325 4716 360 4753 en
377 4703 467 4753 -ndus
483 4703 527 4752 n'a
542 4703 577 4752 de
603 4702 742 4752 lui-meme
759 4717 866 4752 aucune
880 4702 1067 4765 signification
1081 4699 1251 4764 temporelle,
1272 4699 1343 4748 mais

174 4791 227 4841 que
246 4791 352 4828 comme
372 4780 400 4840 Je
419 4777 463 4828 l'ai
485 4779 525 4828 dit
542 4778 606 4842 plus
628 4779 705 4836 haut,
719 4779 800 4843 apres
818 4779 856 4828 M.
879 4777 968 4835 Breal,
990 4777 1011 4827 il
1028 4777 1178 4841 n'exprime
1197 4789 1247 4840 pas
1265 4779 1343 4826 autre

176 4853 262 4904 chose
279 4866 333 4918 que
347 4853 428 4905 l'idte
441 4855 475 4905 de
491 4854 605 4905 l’action
623 4854 678 4905 soit
695 4854 794 4916 active,
809 4855 864 4906 soit
877 4853 1001 4917 passive.
1022 4869 1034 4899 i
