3330 5574
167 585 175 600 .
246 512 286 570 30
526 520 571 564 aa
596 519 786 566 aaaanmvr
813 519 878 565 asa
904 519 1117 567 sacratione

247 743 382 835 infecti,
400 759 438 816 ut
453 770 516 817 nos
537 758 719 842 putamus.
739 744 821 816 Ideo
836 744 946 836 enim,
963 759 1002 817 tit
1021 745 1186 842 exemplo
1202 746 1415 844 proposito1

194 917 199 924 .
247 875 340 950 utar,
357 860 512 932 actiuam
529 859 620 931 hanc
638 859 886 931 sententiam«
903 860 1036 933 malam
1054 862 1260 959 opprimere
1273 877 1417 934 sosten-

245 988 363 1048 tantes
378 1001 422 1047 ae
432 976 661 1074 prolatantes
677 1000 746 1046 non
755 1000 960 1073 possamus,
970 976 1096 1048 Cicero
1105 976 1249 1073 passiue
1264 978 1415 1050 reddere

181 1148 189 1160 .
247 1091 362 1188 potuit
387 1105 422 1163 ut
454 1090 717 1186 fecit(Cat.1v.
746 1091 820 1179 to,
848 1090 983 1163 malam
1003 1091 1165 1190 opprimi
1180 1093 1415 1166 sustentando

246 1233 290 1279 ae
310 1207 536 1305 prolatando
558 1206 655 1278 nollo
684 1205 788 1277 modo
810 1209 961 1304 potest),
991 1207 1415 1304 quodquemadmodam

214 1311 217 1318 ⁵
246 1334 484 1394 sustentantes
505 1347 546 1394 aa
558 1321 800 1419 prolatantes²
822 1322 873 1394 sio
887 1322 1119 1394 sostentando
1138 1348 1180 1394 ae
1187 1324 1415 1421 prolatando

247 1438 433 1536 participia
458 1437 584 1536 insecti
600 1437 733 1534 pariter
750 1452 847 1525 suat,
868 1437 978 1509 altera
1006 1438 1122 1511 antiae
1144 1463 1226 1510 cum
1253 1439 1415 1511 subiecto

248 1553 349 1626 uerbi
373 1553 575 1641 coniuncta,
610 1548 720 1624 altera
743 1568 862 1625 autem
887 1553 1044 1649 passiaa,
1079 1569 1113 1626 et
1139 1553 1315 1644 absoluta,
1348 1581 1416 1627 neo

248 1667 408 1742 subiecto
425 1668 496 1740 ulla
516 1667 673 1757 definita,
692 1668 740 1740 ita
755 1682 794 1741 ut
808 1669 844 1739 in
862 1668 913 1740 eis
926 1694 1058 1765 genere
1073 1669 1173 1741 uerbi
1189 1670 1251 1747 uix
1266 1695 1416 1769 compa-

247 1799 361 1876 rente,
384 1783 523 1882 possint
537 1809 618 1856 aum
637 1784 824 1881 participio
836 1784 1041 1882 praesentis
1059 1785 1260 1882 comparari
1280 1786 1417 1885 aliqua-

249 1914 374 1989 tenus,
408 1913 443 1972 et
475 1925 557 1971 cum
589 1924 631 1971 ea
664 1899 700 1970 in
731 1899 855 1971 eadem
888 1900 1064 1991 sententia
1097 1900 1269 1973 adhiberi.
1309 1902 1416 1994 Quod

249 2016 393 2113 quidem
421 2015 466 2087 ab
493 2014 758 2114 antiquissimis,
785 2015 1020 2112 scriptoribus
1050 2015 1111 2087 uix
1146 2030 1207 2088 aut
1228 2043 1415 2115 nunquam

249 2131 464 2203 factumest.
481 2131 551 2202 Sed
571 2131 657 2202 haec
676 2130 859 2202 hactenus.

298 2266 520 2338 Gerundium
542 2265 652 2362 igitur
667 2290 781 2363 neque
798 2265 917 2362 ipsum
938 2265 1114 2337 actionem
1135 2267 1332 2362 gerendam
1353 2282 1416 2339 aut

208 2382 210 2386 ⁴
248 2382 404 2454 futuram
423 2380 605 2477 exprimit,
633 2405 748 2478 neque
767 2406 812 2452 ex
832 2405 873 2451 eo
893 2381 1095 2477 gerundiuo
1114 2382 1209 2479 quod
1237 2382 1414 2455 eiusmodi

249 2498 423 2569 actionem
447 2496 638 2593 exprimat,
672 2496 800 2585 oritur,
835 2521 951 2593 neque
979 2496 1181 2592 gerandiuo
1213 2498 1313 2595 prius
1345 2513 1411 2570 est.

248 2614 374 2685 Restat
386 2627 424 2684 ut
438 2613 619 2685 diuersam
630 2611 678 2683 ab
693 2637 734 2684 eo
749 2611 925 2708 originem
936 2610 1079 2702 habeat,
1094 2627 1155 2684 aut
1165 2614 1210 2685 ab
1225 2639 1266 2685 eo
1281 2639 1415 2711 geran-

248 2729 345 2817 diuo,
367 2729 464 2827 quod
480 2753 550 2799 non
572 2727 748 2800 actionem
768 2727 946 2824 agendam
967 2740 1029 2798 aut
1046 2726 1411 2826 futuram‘exprimat,

249 2859 397 2916 oriatur.

296 2978 367 3050 Sed
384 2978 427 3049 de
442 2977 580 3074 origine
602 2975 829 3073 egerendiai
849 2975 990 3048 diuersa
1006 2975 1068 3046 uix
1087 2976 1148 3072 agi
1169 2991 1297 3074 potest.
1320 2978 1413 3048 Nam

178 3087 179 3090 ¹
249 3093 425 3166 eiusmodi
442 3118 533 3190 qaae
548 3093 705 3163 maxime
720 3092 853 3163 arridet
871 3091 1059 3180 sententia,
1080 3116 1100 3162 a
1118 3093 1163 3162 V.
1182 3093 1306 3189 Henry
1327 3118 1414 3189 pro-

249 3208 396 3305 positat,
417 3235 462 3280 ne
479 3209 556 3305 ipsa
571 3208 716 3306 quidem
733 3206 931 3279 necessaria
947 3220 1014 3296 est,
1031 3207 1100 3277 nisi
1117 3205 1232 3297 fallor,
1247 3232 1313 3279 nea
1327 3208 1414 3280 satis

249 3325 353 3396 firmo
377 3323 607 3396 fundamento
632 3323 768 3396 nititur.
806 3322 923 3414 Quam
952 3322 1002 3394 sic
1030 3321 1225 3394 Lebreton³
1244 3312 1352 3396 refert
1372 3350 1413 3396 aa

249 3441 381 3512 laudat.
403 3467 421 3510 «
436 3440 536 3512 Cette
551 3440 748 3537 hypothese
763 3442 827 3531 (sa.
845 3442 1122 3526 *sternomenos
1134 3440 1410 3530 *sternomedos

250 3558 480 3645 *seraondos‚
498 3556 743 3650 sternendas),
761 3554 896 3626 admise
909 3580 1000 3652 pour
1015 3553 1187 3651 l'adjeatif
1198 3579 1242 3625 en
1260 3555 1411 3645 -andas,

250 3674 299 3744 M.
324 3673 449 3769 Henry
473 3697 626 3768 propose
644 3670 857 3743 d'identifier
880 3671 924 3742 de
944 3673 1059 3741 meme
1081 3668 1113 3740 le
1133 3669 1303 3765 ge'rondif
1319 3695 1363 3741 en
1381 3671 1413 3743 le

251 3788 491 3885 rapproohant
514 3788 557 3859 de
586 3785 759 3857 l'infinitif
788 3811 831 3857 en
864 3811 997 3881 -μεναι;
1033 3811 1081 3856 un
1101 3784 1271 3880 gerondif
1286 3786 1417 3858 -nendi

251 3903 410 4002 pourrait
430 3903 520 3974 ainsi
540 3905 761 4000 representer
786 3900 943 3972 *nemeni
958 3935 993 3962 =
1011 3907 1151 3997 νήμεναι.
1175 3900 1224 3971 Ce
1247 3925 1413 3972 nouveau

204 4044 205 4048 ’
251 4019 702 4116 rapproohementesttres
728 4017 854 4089 fecond
880 4041 924 4087 en
953 4018 1217 4113 consequenaes
1246 4017 1415 4089 se'manti-

254 4161 341 4234 ques
357 4150 392 4206 et
406 4133 724 4233 morphologiques
743 4158 751 4222 ;
784 4131 877 4203 ainsi
896 4130 1094 4228 s'explique
1113 4129 1144 4202 le
1159 4155 1242 4202 sens
1260 4131 1347 4202 actii
1366 4132 1414 4204 du

253 4250 464 4349 gerandifa
491 4252 568 4322 adte
594 4250 641 4321 du
666 4273 748 4320 sens
776 4246 888 4345 pessit
905 4247 948 4318 de
968 4245 1140 4343 l'adjeatif
1156 4270 1200 4316 en
1228 4245 1354 4336 -ndas‚
1380 4261 1414 4322 et

284 4594 307 4643 1.
329 4595 529 4651 warmasia,
551 4591 571 4641 t.
592 4590 613 4640 l.
630 4603 657 4652 p.
676 4590 729 4642 104.

280 4675 305 4722 2.
332 4674 365 4723 V.
392 4675 499 4728 Hanni,
529 4670 687 4734 Esqaisses
715 4667 987 4732 morphotoqiqaes‚
1016 4682 1045 4718 v„
1076 4667 1116 4718 tes
1138 4668 1283 4732 infinitifs
1306 4671 1410 4726 latins.

252 4749 340 4804 Paris,
361 4749 428 4806 1889,
444 4760 472 4810 p.
493 4747 532 4797 26.

282 4830 307 4880 3.
329 4830 488 4884 arnamar,
506 4821 533 4878 l.'
550 4825 572 4879 t.
591 4824 627 4875 ad
643 4837 673 4889 p.
693 4824 718 4876 4.
