<?xml version="1.0" encoding="UTF-8"?>
<!DOCTYPE html PUBLIC "-//W3C//DTD XHTML 1.0 Transitional//EN"
    "http://www.w3.org/TR/xhtml1/DTD/xhtml1-transitional.dtd">
<html xmlns="http://www.w3.org/1999/xhtml" xml:lang="en" lang="en">
 <head>
  <title>
</title>
<meta http-equiv="Content-Type" content="text/html;charset=utf-8" />
  <meta name='ocr-system' content='tesseract 3.04.00' />
  <meta name='ocr-capabilities' content='ocr_page ocr_carea ocr_par ocr_line ocrx_word'/>
</head>
<body>
  <div class='ocr_page' id='page_1' title='image "./degerundivietge00bayagoog_0046.png"; bbox 0 0 3330 5574; ppageno 0'>
   <div class='ocr_carea' id='block_1_1' title="bbox 590 595 1375 654">
    <p class='ocr_par' dir='ltr' id='par_1_1' title="bbox 590 595 1375 654">
     <span class='ocr_line' id='line_1_1' title="bbox 590 595 1375 654; baseline -0.003 -7"><span class='ocrx_word' id='word_1_1' title='bbox 590 603 635 647; x_wconf 74' lang='lat' dir='ltr'><strong>DE</strong></span> <span class='ocrx_word' id='word_1_2' title='bbox 661 601 719 648; x_wconf 71' lang='lat' dir='ltr'><strong>GKR</strong></span> <span class='ocrx_word' id='word_1_3' title='bbox 726 601 815 647; x_wconf 82' lang='lat' dir='ltr'><em>UNDII</em></span> <span class='ocrx_word' id='word_1_4' title='bbox 841 600 980 649; x_wconf 83' lang='lat' dir='ltr'>ORIGINE</span> <span class='ocrx_word' id='word_1_5' title='bbox 1336 595 1375 654; x_wconf 84' lang='lat'><strong>37</strong></span> 
     </span>
    </p>
   </div>
   <div class='ocr_carea' id='block_1_2' title="bbox 203 810 1374 1152">
    <p class='ocr_par' dir='ltr' id='par_1_2' title="bbox 203 810 1374 1152">
     <span class='ocr_line' id='line_1_2' title="bbox 253 810 1374 922; baseline 0.004 -28"><span class='ocrx_word' id='word_1_6' title='bbox 253 825 292 894; x_wconf 94' lang='lat' dir='ltr'><strong>ln</strong></span> <span class='ocrx_word' id='word_1_7' title='bbox 314 822 369 894; x_wconf 90' lang='lat' dir='ltr'><strong>his</strong></span> <span class='ocrx_word' id='word_1_8' title='bbox 390 822 554 896; x_wconf 90' lang='lat' dir='ltr'><strong>uersibus</strong></span> <span class='ocrx_word' id='word_1_9' title='bbox 578 810 697 921; x_wconf 77' lang='lat' dir='ltr'><strong>poeta,</strong></span> <span class='ocrx_word' id='word_1_10' title='bbox 720 840 758 897; x_wconf 96' lang='lat' dir='ltr'><strong>ut</strong></span> <span class='ocrx_word' id='word_1_11' title='bbox 786 850 914 897; x_wconf 89' lang='lat' dir='ltr'><strong>uersus</strong></span> <span class='ocrx_word' id='word_1_12' title='bbox 943 850 1025 897; x_wconf 92' lang='lat' dir='ltr'><strong>cum</strong></span> <span class='ocrx_word' id='word_1_13' title='bbox 1054 826 1170 922; x_wconf 87' lang='lat' dir='ltr'><strong>primo</strong></span> <span class='ocrx_word' id='word_1_14' title='bbox 1195 826 1374 898; x_wconf 91' lang='lat' dir='ltr'><strong>secundus</strong></span> 
     </span>
     <span class='ocr_line' id='line_1_3' title="bbox 204 933 1374 1037; baseline 0.002 -28"><span class='ocrx_word' id='word_1_15' title='bbox 204 937 367 1010; x_wconf 89' lang='lat' dir='ltr'><strong>similiter</strong></span> <span class='ocrx_word' id='word_1_16' title='bbox 405 933 611 1024; x_wconf 72' lang='lat' dir='ltr'><strong>desineret,</strong></span> <span class='ocrx_word' id='word_1_17' title='bbox 654 940 843 1037; x_wconf 92' lang='lat' dir='ltr'><strong>antiquum</strong></span> <span class='ocrx_word' id='word_1_18' title='bbox 882 940 1009 1012; x_wconf 81' lang='lat' dir='ltr'><strong>Gailici</strong></span> <span class='ocrx_word' id='word_1_19' title='bbox 1049 942 1226 1013; x_wconf 90' lang='lat' dir='ltr'><strong>sermonis</strong></span> <span class='ocrx_word' id='word_1_20' title='bbox 1268 968 1374 1013; x_wconf 91' lang='lat' dir='ltr'><strong>usum</strong></span> 
     </span>
     <span class='ocr_line' id='line_1_4' title="bbox 203 1053 1374 1152; baseline 0.004 -29"><span class='ocrx_word' id='word_1_21' title='bbox 203 1053 361 1151; x_wconf 88' lang='lat' dir='ltr'><strong>primum</strong></span> <span class='ocrx_word' id='word_1_22' title='bbox 375 1068 518 1126; x_wconf 91' lang='lat' dir='ltr'><strong>secutus</strong></span> <span class='ocrx_word' id='word_1_23' title='bbox 529 1068 583 1126; x_wconf 87' lang='lat' dir='ltr'><strong>est</strong></span> <span class='ocrx_word' id='word_1_24' title='bbox 598 1055 679 1152; x_wconf 81' lang='lat' dir='ltr'><strong>(qui</strong></span> <span class='ocrx_word' id='word_1_25' title='bbox 693 1055 794 1127; x_wconf 79' lang='lat' dir='ltr'><strong>uouit</strong></span> <span class='ocrx_word' id='word_1_26' title='bbox 807 1055 962 1127; x_wconf 81' lang='lat' dir='ltr'><strong>desclose</strong></span> <span class='ocrx_word' id='word_1_27' title='bbox 976 1083 1018 1128; x_wconf 85' lang='lat' dir='ltr'><strong>so</strong></span> <span class='ocrx_word' id='word_1_28' title='bbox 1032 1057 1152 1149; x_wconf 81' lang='lat' dir='ltr'><strong>rode);</strong></span> <span class='ocrx_word' id='word_1_29' title='bbox 1172 1056 1313 1145; x_wconf 90' lang='lat' dir='ltr'><strong>deinde,</strong></span> <span class='ocrx_word' id='word_1_30' title='bbox 1330 1057 1374 1128; x_wconf 91' lang='lat' dir='ltr'><strong>ad</strong></span> 
     </span>
    </p>
   </div>
   <div class='ocr_carea' id='block_1_3' title="bbox 98 1169 1401 1269">
    <p class='ocr_par' dir='ltr' id='par_1_3' title="bbox 98 1169 1401 1269">
     <span class='ocr_line' id='line_1_5' title="bbox 98 1169 1401 1269; baseline 0.002 -29"><span class='ocrx_word' id='word_1_31' title='bbox 98 1242 102 1249; x_wconf 70' lang='grc'><em>,</em></span> <span class='ocrx_word' id='word_1_32' title='bbox 136 1175 138 1178; x_wconf 78' lang='grc'><strong>’</strong></span> <span class='ocrx_word' id='word_1_33' title='bbox 205 1195 310 1240; x_wconf 91' lang='lat' dir='ltr'><strong>usum</strong></span> <span class='ocrx_word' id='word_1_34' title='bbox 325 1169 559 1241; x_wconf 73' lang='lat' dir='ltr'><strong>recentiorem</strong></span> <span class='ocrx_word' id='word_1_35' title='bbox 572 1170 676 1242; x_wconf 91' lang='lat' dir='ltr'><strong>rediit</strong></span> <span class='ocrx_word' id='word_1_36' title='bbox 699 1173 739 1254; x_wconf 84' lang='lat' dir='ltr'><strong>(o</strong></span> <span class='ocrx_word' id='word_1_37' title='bbox 747 1169 855 1267; x_wconf 84' lang='lat' dir='ltr'><strong>point</strong></span> <span class='ocrx_word' id='word_1_38' title='bbox 867 1171 988 1268; x_wconf 79' lang='lat' dir='ltr'><strong>perdo</strong></span> <span class='ocrx_word' id='word_1_39' title='bbox 1009 1172 1057 1243; x_wconf 79' lang='lat' dir='ltr'><strong>les</strong></span> <span class='ocrx_word' id='word_1_40' title='bbox 1072 1171 1173 1269; x_wconf 77' lang='lat' dir='ltr'><strong>plis).</strong></span> <span class='ocrx_word' id='word_1_41' title='bbox 1193 1172 1238 1242; x_wconf 78' lang='lat' dir='ltr'><strong>At</strong></span> <span class='ocrx_word' id='word_1_42' title='bbox 1258 1172 1294 1242; x_wconf 96' lang='lat' dir='ltr'><strong>in</strong></span> <span class='ocrx_word' id='word_1_43' title='bbox 1316 1171 1374 1242; x_wconf 85' lang='lat' dir='ltr'><strong>ilia</strong></span> <span class='ocrx_word' id='word_1_44' title='bbox 1395 1210 1401 1218; x_wconf 32' lang='lat'>⁸</span> 
     </span>
    </p>
   </div>
   <div class='ocr_carea' id='block_1_4' title="bbox 205 1284 1377 1844">
    <p class='ocr_par' dir='ltr' id='par_1_4' title="bbox 205 1284 1377 1844">
     <span class='ocr_line' id='line_1_6' title="bbox 206 1284 1376 1383; baseline 0.003 -28"><span class='ocrx_word' id='word_1_45' title='bbox 206 1284 322 1382; x_wconf 90' lang='lat' dir='ltr'><strong>prisca</strong></span> <span class='ocrx_word' id='word_1_46' title='bbox 351 1297 530 1357; x_wconf 87' lang='lat' dir='ltr'><strong>structura</strong></span> <span class='ocrx_word' id='word_1_47' title='bbox 563 1285 791 1382; x_wconf 90' lang='lat' dir='ltr'><strong>participium</strong></span> <span class='ocrx_word' id='word_1_48' title='bbox 819 1285 966 1382; x_wconf 83' lang='lat' dir='ltr'><strong>perfecti</strong></span> <span class='ocrx_word' id='word_1_49' title='bbox 996 1285 1176 1382; x_wconf 76' lang='lat' dir='ltr'><strong>(deselose)</strong></span> <span class='ocrx_word' id='word_1_50' title='bbox 1211 1286 1376 1383; x_wconf 87' lang='lat' dir='ltr'><strong>passiuae</strong></span> 
     </span>
     <span class='ocr_line' id='line_1_7' title="bbox 206 1398 1377 1497; baseline 0 -26"><span class='ocrx_word' id='word_1_51' title='bbox 206 1414 260 1471; x_wconf 89' lang='lat' dir='ltr'><strong>est</strong></span> <span class='ocrx_word' id='word_1_52' title='bbox 286 1398 574 1496; x_wconf 82' lang='lat' dir='ltr'><strong>significationis,</strong></span> <span class='ocrx_word' id='word_1_53' title='bbox 599 1414 739 1472; x_wconf 91' lang='lat' dir='ltr'><strong>etcum</strong></span> <span class='ocrx_word' id='word_1_54' title='bbox 773 1425 816 1472; x_wconf 93' lang='lat' dir='ltr'><strong>eo</strong></span> <span class='ocrx_word' id='word_1_55' title='bbox 841 1426 972 1473; x_wconf 90' lang='lat' dir='ltr'><strong>nomen</strong></span> <span class='ocrx_word' id='word_1_56' title='bbox 1009 1417 1064 1497; x_wconf 70' lang='lat' dir='ltr'><strong>teo</strong></span> <span class='ocrx_word' id='word_1_57' title='bbox 1093 1402 1194 1495; x_wconf 82' lang='lat' dir='ltr'><strong>robe)</strong></span> <span class='ocrx_word' id='word_1_58' title='bbox 1223 1401 1377 1473; x_wconf 89' lang='lat' dir='ltr'><strong>coniun-</strong></span> 
     </span>
     <span class='ocr_line' id='line_1_8' title="bbox 205 1513 1377 1613; baseline 0.002 -29"><span class='ocrx_word' id='word_1_59' title='bbox 205 1513 303 1611; x_wconf 80' lang='lat' dir='ltr'><strong>gitur</strong></span> <span class='ocrx_word' id='word_1_60' title='bbox 331 1528 504 1613; x_wconf 81' lang='lat' dir='ltr'>tanquam</span> <span class='ocrx_word' id='word_1_61' title='bbox 533 1515 755 1605; x_wconf 84' lang='lat' dir='ltr'><strong>subiectum3</strong></span> <span class='ocrx_word' id='word_1_62' title='bbox 791 1516 900 1605; x_wconf 84' lang='lat' dir='ltr'><strong>idem,</strong></span> <span class='ocrx_word' id='word_1_63' title='bbox 932 1515 967 1585; x_wconf 95' lang='lat' dir='ltr'><strong>in</strong></span> <span class='ocrx_word' id='word_1_64' title='bbox 1005 1516 1204 1588; x_wconf 79' lang='lat' dir='ltr'><strong>recentiore</strong></span> <span class='ocrx_word' id='word_1_65' title='bbox 1236 1516 1377 1588; x_wconf 92' lang='lat' dir='ltr'><strong>dicendi</strong></span> 
     </span>
     <span class='ocr_line' id='line_1_9' title="bbox 206 1629 1376 1729; baseline 0.001 -29"><span class='ocrx_word' id='word_1_66' title='bbox 206 1630 327 1720; x_wconf 91' lang='lat' dir='ltr'><strong>modo,</strong></span> <span class='ocrx_word' id='word_1_67' title='bbox 347 1629 507 1702; x_wconf 88' lang='lat' dir='ltr'><strong>actiuum</strong></span> <span class='ocrx_word' id='word_1_68' title='bbox 523 1631 665 1702; x_wconf 88' lang='lat' dir='ltr'><strong>uidetur</strong></span> <span class='ocrx_word' id='word_1_69' title='bbox 687 1641 723 1722; x_wconf 85' lang='lat' dir='ltr'><strong>(o</strong></span> <span class='ocrx_word' id='word_1_70' title='bbox 739 1631 846 1729; x_wconf 80' lang='lat' dir='ltr'><strong>point</strong></span> <span class='ocrx_word' id='word_1_71' title='bbox 858 1630 1007 1729; x_wconf 78' lang='lat' dir='ltr'><strong>perdo),</strong></span> <span class='ocrx_word' id='word_1_72' title='bbox 1033 1646 1068 1704; x_wconf 90' lang='lat' dir='ltr'><strong>et.</strong></span> <span class='ocrx_word' id='word_1_73' title='bbox 1091 1657 1171 1703; x_wconf 92' lang='lat' dir='ltr'><strong>cum</strong></span> <span class='ocrx_word' id='word_1_74' title='bbox 1188 1657 1230 1703; x_wconf 93' lang='lat' dir='ltr'><strong>eo</strong></span> <span class='ocrx_word' id='word_1_75' title='bbox 1246 1656 1376 1702; x_wconf 92' lang='lat' dir='ltr'><strong>nornen</strong></span> 
     </span>
     <span class='ocr_line' id='line_1_10' title="bbox 207 1744 1021 1844; baseline 0.002 -28"><span class='ocrx_word' id='word_1_76' title='bbox 207 1746 271 1842; x_wconf 81' lang='lat' dir='ltr'><strong>(les</strong></span> <span class='ocrx_word' id='word_1_77' title='bbox 284 1744 372 1843; x_wconf 83' lang='lat' dir='ltr'><strong>plis)</strong></span> <span class='ocrx_word' id='word_1_78' title='bbox 385 1759 557 1843; x_wconf 85' lang='lat' dir='ltr'><strong>tanquam</strong></span> <span class='ocrx_word' id='word_1_79' title='bbox 578 1745 759 1818; x_wconf 87' lang='lat' dir='ltr'><strong>obiectum</strong></span> <span class='ocrx_word' id='word_1_80' title='bbox 779 1747 1021 1844; x_wconf 82' lang='lat' dir='ltr'><strong>componitur.</strong></span> 
     </span>
    </p>
   </div>
   <div class='ocr_carea' id='block_1_5' title="bbox 180 1870 1379 2428">
    <p class='ocr_par' dir='ltr' id='par_1_5' title="bbox 180 1870 1379 2428">
     <span class='ocr_line' id='line_1_11' title="bbox 254 1870 1376 1969; baseline 0 -28"><span class='ocrx_word' id='word_1_81' title='bbox 254 1870 388 1942; x_wconf 83' lang='lat' dir='ltr'><strong>Eadem</strong></span> <span class='ocrx_word' id='word_1_82' title='bbox 407 1884 461 1942; x_wconf 88' lang='lat' dir='ltr'><strong>est</strong></span> <span class='ocrx_word' id='word_1_83' title='bbox 480 1870 570 1942; x_wconf 88' lang='lat' dir='ltr'><strong>ratio</strong></span> <span class='ocrx_word' id='word_1_84' title='bbox 585 1870 677 1942; x_wconf 92' lang='lat' dir='ltr'><strong>inter</strong></span> <span class='ocrx_word' id='word_1_85' title='bbox 692 1871 760 1942; x_wconf 90' lang='lat' dir='ltr'><strong>hoc</strong></span> <span class='ocrx_word' id='word_1_86' title='bbox 774 1871 870 1969; x_wconf 89' lang='lat' dir='ltr'><strong>quod</strong></span> <span class='ocrx_word' id='word_1_87' title='bbox 892 1872 981 1943; x_wconf 87' lang='lat' dir='ltr'><strong>Cato</strong></span> <span class='ocrx_word' id='word_1_88' title='bbox 999 1873 1089 1968; x_wconf 79' lang='lat' dir='ltr'><strong>(Ap.</strong></span> <span class='ocrx_word' id='word_1_89' title='bbox 1110 1870 1148 1942; x_wconf 90' lang='lat' dir='ltr'><strong>C.</strong></span> <span class='ocrx_word' id='word_1_90' title='bbox 1171 1871 1308 1963; x_wconf 66' lang='lat'>1413),</span> <span class='ocrx_word' id='word_1_91' title='bbox 1332 1896 1376 1941; x_wconf 91' lang='lat' dir='ltr'><strong>ex</strong></span> 
     </span>
     <span class='ocr_line' id='line_1_12' title="bbox 206 1985 1377 2082; baseline -0.002 -24"><span class='ocrx_word' id='word_1_92' title='bbox 206 1986 381 2058; x_wconf 91' lang='lat' dir='ltr'><strong>sermonis</strong></span> <span class='ocrx_word' id='word_1_93' title='bbox 401 1985 519 2059; x_wconf 84' lang='lat' dir='ltr'><strong>Latini</strong></span> <span class='ocrx_word' id='word_1_94' title='bbox 539 1986 687 2082; x_wconf 77' lang='lat' dir='ltr'><strong>ingenio</strong></span> <span class='ocrx_word' id='word_1_95' title='bbox 705 2011 746 2058; x_wconf 90' lang='lat' dir='ltr'><strong>ac</strong></span> <span class='ocrx_word' id='word_1_96' title='bbox 765 1987 1038 2077; x_wconf 87' lang='lat' dir='ltr'><strong>consuetudine,</strong></span> <span class='ocrx_word' id='word_1_97' title='bbox 1060 1985 1221 2058; x_wconf 83' lang='lat' dir='ltr'><strong>adhibuit</strong></span> <span class='ocrx_word' id='word_1_98' title='bbox 1239 2012 1377 2082; x_wconf 75' lang='lat' dir='ltr'><strong>gerun-</strong></span> 
     </span>
     <span class='ocr_line' id='line_1_13' title="bbox 207 2100 1376 2199; baseline -0.001 -26"><span class='ocrx_word' id='word_1_99' title='bbox 207 2101 352 2173; x_wconf 92' lang='lat' dir='ltr'><strong>diuum:</strong></span> <span class='ocrx_word' id='word_1_100' title='bbox 374 2100 502 2198; x_wconf 80' lang='lat' dir='ltr'><strong>«Apri</strong></span> <span class='ocrx_word' id='word_1_101' title='bbox 515 2100 700 2173; x_wconf 77' lang='lat' dir='ltr'><strong>lustrandi</strong></span> <span class='ocrx_word' id='word_1_102' title='bbox 711 2127 842 2198; x_wconf 75' lang='lat' dir='ltr'><strong>erqo»,</strong></span> <span class='ocrx_word' id='word_1_103' title='bbox 862 2115 896 2173; x_wconf 91' lang='lat' dir='ltr'><strong>et</strong></span> <span class='ocrx_word' id='word_1_104' title='bbox 914 2102 1130 2198; x_wconf 75' lang='lat' dir='ltr'><strong>gerundium</strong></span> <span class='ocrx_word' id='word_1_105' title='bbox 1144 2127 1215 2199; x_wconf 89' lang='lat' dir='ltr'><strong>quo</strong></span> <span class='ocrx_word' id='word_1_106' title='bbox 1229 2100 1376 2172; x_wconf 88' lang='lat' dir='ltr'><strong>Plautus</strong></span> 
     </span>
     <span class='ocr_line' id='line_1_14' title="bbox 205 2216 1379 2306; baseline -0.001 -19"><span class='ocrx_word' id='word_1_107' title='bbox 205 2216 240 2287; x_wconf 92' lang='lat' dir='ltr'><strong>in</strong></span> <span class='ocrx_word' id='word_1_108' title='bbox 270 2216 338 2288; x_wconf 89' lang='lat' dir='ltr'><strong>hoo</strong></span> <span class='ocrx_word' id='word_1_109' title='bbox 369 2216 448 2288; x_wconf 89' lang='lat' dir='ltr'><strong>loco</strong></span> <span class='ocrx_word' id='word_1_110' title='bbox 486 2216 626 2288; x_wconf 88' lang='lat' dir='ltr'><strong>utitur:</strong></span> <span class='ocrx_word' id='word_1_111' title='bbox 664 2241 682 2286; x_wconf 80' lang='lat' dir='ltr'><strong>&lt;t</strong></span> <span class='ocrx_word' id='word_1_112' title='bbox 712 2218 800 2306; x_wconf 88' lang='lat' dir='ltr'><strong>Nec,</strong></span> <span class='ocrx_word' id='word_1_113' title='bbox 834 2216 922 2287; x_wconf 92' lang='lat' dir='ltr'><strong>mihi</strong></span> <span class='ocrx_word' id='word_1_114' title='bbox 951 2217 1015 2288; x_wconf 79' lang='lat' dir='ltr'><strong>ius·</strong></span> <span class='ocrx_word' id='word_1_115' title='bbox 1043 2242 1158 2288; x_wconf 87' lang='lat' dir='ltr'><strong>meum</strong></span> <span class='ocrx_word' id='word_1_116' title='bbox 1193 2216 1379 2287; x_wconf 82' lang='lat' dir='ltr'><strong>obtinendi</strong></span> 
     </span>
     <span class='ocr_line' id='line_1_15' title="bbox 180 2326 1376 2428; baseline -0.001 -26"><span class='ocrx_word' id='word_1_117' title='bbox 180 2326 302 2428; x_wconf 69' lang='lat' dir='ltr'><strong>voptio</strong></span> <span class='ocrx_word' id='word_1_118' title='bbox 333 2343 434 2403; x_wconf 81' lang='lat' dir='ltr'><strong>est.)</strong></span> <span class='ocrx_word' id='word_1_119' title='bbox 469 2332 561 2403; x_wconf 91' lang='lat' dir='ltr'><strong>Nam</strong></span> <span class='ocrx_word' id='word_1_120' title='bbox 593 2331 630 2402; x_wconf 92' lang='lat' dir='ltr'><strong>in</strong></span> <span class='ocrx_word' id='word_1_121' title='bbox 663 2330 723 2402; x_wconf 86' lang='lat' dir='ltr'><strong>illa</strong></span> <span class='ocrx_word' id='word_1_122' title='bbox 755 2331 902 2403; x_wconf 86' lang='lat' dir='ltr'><strong>Catonis</strong></span> <span class='ocrx_word' id='word_1_123' title='bbox 931 2331 1120 2417; x_wconf 85' lang='lat' dir='ltr'><strong>sententia,</strong></span> <span class='ocrx_word' id='word_1_124' title='bbox 1149 2330 1376 2427; x_wconf 87' lang='lat' dir='ltr'><strong>participium</strong></span> 
     </span>
    </p>
   </div>
   <div class='ocr_carea' id='block_1_6' title="bbox 15 2445 1378 2544">
    <p class='ocr_par' dir='ltr' id='par_1_6' title="bbox 15 2445 1378 2544">
     <span class='ocr_line' id='line_1_16' title="bbox 15 2445 1378 2544; baseline -0.003 -23"><span class='ocrx_word' id='word_1_125' title='bbox 15 2529 23 2543; x_wconf 28' lang='grc' dir='ltr'>ι</span> <span class='ocrx_word' id='word_1_126' title='bbox 100 2517 104 2521; x_wconf 91' lang='grc'>.</span> <span class='ocrx_word' id='word_1_127' title='bbox 207 2447 392 2543; x_wconf 90' lang='lat' dir='ltr'><strong>passiuum</strong></span> <span class='ocrx_word' id='word_1_128' title='bbox 418 2462 486 2537; x_wconf 86' lang='lat' dir='ltr'><strong>est,</strong></span> <span class='ocrx_word' id='word_1_129' title='bbox 511 2460 546 2518; x_wconf 93' lang='lat' dir='ltr'><strong>et</strong></span> <span class='ocrx_word' id='word_1_130' title='bbox 567 2472 649 2518; x_wconf 90' lang='lat' dir='ltr'><strong>cum</strong></span> <span class='ocrx_word' id='word_1_131' title='bbox 670 2472 713 2519; x_wconf 91' lang='lat' dir='ltr'><strong>eo</strong></span> <span class='ocrx_word' id='word_1_132' title='bbox 735 2472 865 2518; x_wconf 90' lang='lat' dir='ltr'><strong>nomen</strong></span> <span class='ocrx_word' id='word_1_133' title='bbox 888 2445 1014 2544; x_wconf 72' lang='lat' dir='ltr'><strong>(apri)</strong></span> <span class='ocrx_word' id='word_1_134' title='bbox 1036 2460 1209 2544; x_wconf 90' lang='lat' dir='ltr'><strong>tanquam</strong></span> <span class='ocrx_word' id='word_1_135' title='bbox 1235 2446 1378 2517; x_wconf 91' lang='lat' dir='ltr'><strong>subiec-</strong></span> 
     </span>
    </p>
   </div>
   <div class='ocr_carea' id='block_1_7' title="bbox 206 2546 1378 2889">
    <p class='ocr_par' dir='ltr' id='par_1_7' title="bbox 206 2546 1378 2889">
     <span class='ocr_line' id='line_1_17' title="bbox 206 2546 1375 2659; baseline -0.003 -26"><span class='ocrx_word' id='word_1_136' title='bbox 206 2575 282 2633; x_wconf 91' lang='lat' dir='ltr'><strong>tum</strong></span> <span class='ocrx_word' id='word_1_137' title='bbox 303 2561 556 2659; x_wconf 75' lang='lat' dir='ltr'><strong>coniungitur3</strong></span> <span class='ocrx_word' id='word_1_138' title='bbox 578 2562 675 2634; x_wconf 92' lang='lat' dir='ltr'><strong>idem</strong></span> <span class='ocrx_word' id='word_1_139' title='bbox 696 2546 742 2632; x_wconf 22' lang='lat' dir='ltr'><strong>in*</strong></span> <span class='ocrx_word' id='word_1_140' title='bbox 757 2561 874 2634; x_wconf 87' lang='lat' dir='ltr'><strong>Plauti</strong></span> <span class='ocrx_word' id='word_1_141' title='bbox 906 2586 1012 2633; x_wconf 90' lang='lat' dir='ltr'><strong>uersu</strong></span> <span class='ocrx_word' id='word_1_142' title='bbox 1041 2560 1200 2632; x_wconf 90' lang='lat' dir='ltr'><strong>actiuum</strong></span> <span class='ocrx_word' id='word_1_143' title='bbox 1221 2561 1375 2650; x_wconf 83' lang='lat' dir='ltr'><strong>uidetur,</strong></span> 
     </span>
     <span class='ocr_line' id='line_1_18' title="bbox 208 2676 1378 2775; baseline -0.002 -27"><span class='ocrx_word' id='word_1_144' title='bbox 208 2691 346 2748; x_wconf 89' lang='lat' dir='ltr'><strong>etcum</strong></span> <span class='ocrx_word' id='word_1_145' title='bbox 372 2703 415 2750; x_wconf 92' lang='lat' dir='ltr'><strong>eo</strong></span> <span class='ocrx_word' id='word_1_146' title='bbox 441 2703 574 2750; x_wconf 92' lang='lat' dir='ltr'><strong>nomen</strong></span> <span class='ocrx_word' id='word_1_147' title='bbox 607 2677 678 2770; x_wconf 81' lang='lat' dir='ltr'><strong>(ius</strong></span> <span class='ocrx_word' id='word_1_148' title='bbox 708 2679 835 2771; x_wconf 71' lang='lat' dir='ltr'><strong>mento)</strong></span> <span class='ocrx_word' id='word_1_149' title='bbox 862 2692 1040 2775; x_wconf 87' lang='lat' dir='ltr'><strong>tanquam</strong></span> <span class='ocrx_word' id='word_1_150' title='bbox 1068 2676 1249 2749; x_wconf 87' lang='lat' dir='ltr'><strong>obiectum</strong></span> <span class='ocrx_word' id='word_1_151' title='bbox 1277 2701 1378 2748; x_wconf 91' lang='lat' dir='ltr'><strong>com-</strong></span> 
     </span>
     <span class='ocr_line' id='line_1_19' title="bbox 207 2806 364 2889; baseline 0.006 -26"><span class='ocrx_word' id='word_1_152' title='bbox 207 2806 364 2889; x_wconf 84' lang='lat' dir='ltr'><strong>ponitur.</strong></span> 
     </span>
    </p>
   </div>
   <div class='ocr_carea' id='block_1_8' title="bbox 174 2915 1380 3471">
    <p class='ocr_par' dir='ltr' id='par_1_8' title="bbox 174 2915 1380 3471">
     <span class='ocr_line' id='line_1_20' title="bbox 255 2915 1378 3012; baseline -0.004 -24"><span class='ocrx_word' id='word_1_153' title='bbox 255 2916 325 2988; x_wconf 87' lang='lat' dir='ltr'><strong>Sed</strong></span> <span class='ocrx_word' id='word_1_154' title='bbox 343 2915 506 2988; x_wconf 88' lang='lat' dir='ltr'><strong>instituta</strong></span> <span class='ocrx_word' id='word_1_155' title='bbox 526 2915 823 3012; x_wconf 86' lang='lat' dir='ltr'><strong>comparatione1</strong></span> <span class='ocrx_word' id='word_1_156' title='bbox 845 2930 883 2987; x_wconf 92' lang='lat' dir='ltr'><strong>ut</strong></span> <span class='ocrx_word' id='word_1_157' title='bbox 908 2916 1109 2988; x_wconf 88' lang='lat' dir='ltr'><strong>ostenditur</strong></span> <span class='ocrx_word' id='word_1_158' title='bbox 1134 2941 1238 3012; x_wconf 91' lang='lat' dir='ltr'><strong>posse</strong></span> <span class='ocrx_word' id='word_1_159' title='bbox 1263 2915 1378 3012; x_wconf 86' lang='lat' dir='ltr'><strong>parti-</strong></span> 
     </span>
     <span class='ocr_line' id='line_1_21' title="bbox 174 3030 1377 3129; baseline -0.001 -27"><span class='ocrx_word' id='word_1_160' title='bbox 174 3123 177 3129; x_wconf 13' lang='lat'>*</span> <span class='ocrx_word' id='word_1_161' title='bbox 205 3030 367 3128; x_wconf 90' lang='lat' dir='ltr'><strong>ticipium</strong></span> <span class='ocrx_word' id='word_1_162' title='bbox 404 3055 449 3102; x_wconf 86' lang='lat' dir='ltr'><strong>ex</strong></span> <span class='ocrx_word' id='word_1_163' title='bbox 480 3031 625 3128; x_wconf 91' lang='lat' dir='ltr'><strong>passiuo</strong></span> <span class='ocrx_word' id='word_1_164' title='bbox 659 3031 818 3103; x_wconf 87' lang='lat' dir='ltr'><strong>actiuum</strong></span> <span class='ocrx_word' id='word_1_165' title='bbox 856 3056 898 3102; x_wconf 89' lang='lat' dir='ltr'><strong>ac</strong></span> <span class='ocrx_word' id='word_1_166' title='bbox 934 3031 1161 3103; x_wconf 90' lang='lat' dir='ltr'><strong>transitiuum</strong></span> <span class='ocrx_word' id='word_1_167' title='bbox 1197 3030 1295 3118; x_wconf 87' lang='lat' dir='ltr'><strong>fieri,</strong></span> <span class='ocrx_word' id='word_1_168' title='bbox 1330 3030 1377 3101; x_wconf 87' lang='lat' dir='ltr'><strong>ita</strong></span> 
     </span>
     <span class='ocr_line' id='line_1_22' title="bbox 205 3133 1380 3244; baseline -0.001 -26"><span class='ocrx_word' id='word_1_169' title='bbox 205 3146 424 3243; x_wconf 78' lang='lat' dir='ltr'><strong>gerundium</strong></span> <span class='ocrx_word' id='word_1_170' title='bbox 454 3146 623 3217; x_wconf 89' lang='lat' dir='ltr'><strong>Latinum</strong></span> <span class='ocrx_word' id='word_1_171' title='bbox 644 3133 716 3244; x_wconf 89' lang='lat' dir='ltr'><strong>qua</strong></span> <span class='ocrx_word' id='word_1_172' title='bbox 744 3171 851 3217; x_wconf 91' lang='lat' dir='ltr'><strong>causa</strong></span> <span class='ocrx_word' id='word_1_173' title='bbox 877 3171 1019 3244; x_wconf 91' lang='lat' dir='ltr'><strong>quaque</strong></span> <span class='ocrx_word' id='word_1_174' title='bbox 1038 3145 1095 3217; x_wconf 90' lang='lat' dir='ltr'><strong>uia</strong></span> <span class='ocrx_word' id='word_1_175' title='bbox 1122 3145 1255 3217; x_wconf 84' lang='lat' dir='ltr'><strong>factum</strong></span> <span class='ocrx_word' id='word_1_176' title='bbox 1276 3146 1322 3217; x_wconf 88' lang='lat' dir='ltr'><strong>sit</strong></span> <span class='ocrx_word' id='word_1_177' title='bbox 1341 3160 1380 3217; x_wconf 87' lang='lat' dir='ltr'><strong>ut</strong></span> 
     </span>
     <span class='ocr_line' id='line_1_23' title="bbox 206 3259 1378 3357; baseline -0.001 -26"><span class='ocrx_word' id='word_1_178' title='bbox 206 3259 386 3332; x_wconf 89' lang='lat' dir='ltr'><strong>obiectum</strong></span> <span class='ocrx_word' id='word_1_179' title='bbox 420 3259 551 3332; x_wconf 89' lang='lat' dir='ltr'><strong>habere</strong></span> <span class='ocrx_word' id='word_1_180' title='bbox 585 3273 708 3357; x_wconf 89' lang='lat' dir='ltr'><strong>posset</strong></span> <span class='ocrx_word' id='word_1_181' title='bbox 737 3261 944 3332; x_wconf 88' lang='lat' dir='ltr'><strong>accusatiuo</strong></span> <span class='ocrx_word' id='word_1_182' title='bbox 981 3285 1065 3332; x_wconf 91' lang='lat' dir='ltr'><strong>casu</strong></span> <span class='ocrx_word' id='word_1_183' title='bbox 1100 3261 1270 3357; x_wconf 87' lang='lat' dir='ltr'><strong>positum,</strong></span> <span class='ocrx_word' id='word_1_184' title='bbox 1305 3286 1378 3331; x_wconf 91' lang='lat' dir='ltr'><strong>non</strong></span> 
     </span>
     <span class='ocr_line' id='line_1_24' title="bbox 207 3375 420 3471; baseline 0 -25"><span class='ocrx_word' id='word_1_185' title='bbox 207 3375 420 3471; x_wconf 88' lang='lat' dir='ltr'><strong>explicatur.</strong></span> 
     </span>
    </p>
   </div>
   <div class='ocr_carea' id='block_1_9' title="bbox 120 3499 1381 3944">
    <p class='ocr_par' dir='ltr' id='par_1_9' title="bbox 120 3499 1381 3944">
     <span class='ocr_line' id='line_1_25' title="bbox 257 3499 1380 3597; baseline -0.001 -28"><span class='ocrx_word' id='word_1_186' title='bbox 257 3500 334 3572; x_wconf 90' lang='lat' dir='ltr'><strong>Hoc</strong></span> <span class='ocrx_word' id='word_1_187' title='bbox 347 3512 466 3572; x_wconf 89' lang='lat' dir='ltr'><strong>autem</strong></span> <span class='ocrx_word' id='word_1_188' title='bbox 482 3499 551 3572; x_wconf 94' lang='lat' dir='ltr'><strong>uiri</strong></span> <span class='ocrx_word' id='word_1_189' title='bbox 566 3499 779 3589; x_wconf 89' lang='lat' dir='ltr'><strong>doctissimi,</strong></span> <span class='ocrx_word' id='word_1_190' title='bbox 791 3500 958 3589; x_wconf 72' lang='lat' dir='ltr'><strong>cumdii,</strong></span> <span class='ocrx_word' id='word_1_191' title='bbox 974 3513 1051 3571; x_wconf 92' lang='lat' dir='ltr'><strong>tum</strong></span> <span class='ocrx_word' id='word_1_192' title='bbox 1066 3499 1202 3597; x_wconf 88' lang='lat' dir='ltr'><strong>optime</strong></span> <span class='ocrx_word' id='word_1_193' title='bbox 1217 3499 1380 3571; x_wconf 88' lang='lat' dir='ltr'><strong>omnium</strong></span> 
     </span>
     <span class='ocr_line' id='line_1_26' title="bbox 120 3613 1377 3714; baseline -0.001 -29"><span class='ocrx_word' id='word_1_194' title='bbox 120 3711 122 3714; x_wconf 86' lang='lat'>.</span> <span class='ocrx_word' id='word_1_195' title='bbox 207 3613 436 3686; x_wconf 85' lang='lat' dir='ltr'><strong>Weisweiler</strong></span> <span class='ocrx_word' id='word_1_196' title='bbox 450 3614 633 3687; x_wconf 87' lang='lat' dir='ltr'><strong>tractauit:</strong></span> <span class='ocrx_word' id='word_1_197' title='bbox 648 3639 716 3711; x_wconf 81' lang='lat' dir='ltr'><strong>ego</strong></span> <span class='ocrx_word' id='word_1_198' title='bbox 733 3639 778 3686; x_wconf 92' lang='lat' dir='ltr'><strong>ne</strong></span> <span class='ocrx_word' id='word_1_199' title='bbox 795 3640 872 3686; x_wconf 90' lang='lat' dir='ltr'><strong>rem</strong></span> <span class='ocrx_word' id='word_1_200' title='bbox 888 3629 1002 3687; x_wconf 92' lang='lat' dir='ltr'><strong>actam</strong></span> <span class='ocrx_word' id='word_1_201' title='bbox 1019 3615 1225 3711; x_wconf 73' lang='lat' dir='ltr'><strong>agereuelle</strong></span> <span class='ocrx_word' id='word_1_202' title='bbox 1242 3614 1377 3705; x_wconf 86' lang='lat' dir='ltr'><strong>uidear,</strong></span> 
     </span>
     <span class='ocr_line' id='line_1_27' title="bbox 124 3713 1381 3827; baseline -0.002 -27"><span class='ocrx_word' id='word_1_203' title='bbox 124 3713 128 3716; x_wconf 31' lang='grc'><strong>”</strong></span> <span class='ocrx_word' id='word_1_204' title='bbox 207 3742 243 3800; x_wconf 91' lang='lat' dir='ltr'><strong>et</strong></span> <span class='ocrx_word' id='word_1_205' title='bbox 256 3731 440 3826; x_wconf 89' lang='lat' dir='ltr'><strong>proposita</strong></span> <span class='ocrx_word' id='word_1_206' title='bbox 459 3730 624 3827; x_wconf 89' lang='lat' dir='ltr'><strong>exempla</strong></span> <span class='ocrx_word' id='word_1_207' title='bbox 644 3729 872 3827; x_wconf 90' lang='lat' dir='ltr'><strong>rationesque</strong></span> <span class='ocrx_word' id='word_1_208' title='bbox 895 3730 1025 3801; x_wconf 91' lang='lat' dir='ltr'><strong>iterum</strong></span> <span class='ocrx_word' id='word_1_209' title='bbox 1048 3728 1217 3817; x_wconf 90' lang='lat' dir='ltr'><strong>scribere,</strong></span> <span class='ocrx_word' id='word_1_210' title='bbox 1242 3727 1381 3800; x_wconf 87' lang='lat' dir='ltr'><strong>Plauti-</strong></span> 
     </span>
     <span class='ocr_line' id='line_1_28' title="bbox 133 3840 1375 3944; baseline 0.001 -31"><span class='ocrx_word' id='word_1_211' title='bbox 133 3840 137 3849; x_wconf 79' lang='grc'><strong>’</strong></span> <span class='ocrx_word' id='word_1_212' title='bbox 209 3868 294 3915; x_wconf 90' lang='lat' dir='ltr'><strong>num</strong></span> <span class='ocrx_word' id='word_1_213' title='bbox 310 3844 416 3917; x_wconf 91' lang='lat' dir='ltr'><strong>huius</strong></span> <span class='ocrx_word' id='word_1_214' title='bbox 430 3845 598 3942; x_wconf 75' lang='lat' dir='ltr'><strong>gerundii</strong></span> <span class='ocrx_word' id='word_1_215' title='bbox 611 3870 730 3933; x_wconf 88' lang='lat' dir='ltr'><strong>usum,</strong></span> <span class='ocrx_word' id='word_1_216' title='bbox 746 3870 852 3944; x_wconf 90' lang='lat' dir='ltr'><strong>quem</strong></span> <span class='ocrx_word' id='word_1_217' title='bbox 869 3843 928 3916; x_wconf 83' lang='lat' dir='ltr'><strong>ilie</strong></span> <span class='ocrx_word' id='word_1_218' title='bbox 944 3870 1015 3916; x_wconf 94' lang='lat' dir='ltr'><strong>non</strong></span> <span class='ocrx_word' id='word_1_219' title='bbox 1031 3844 1162 3941; x_wconf 78' lang='lat' dir='ltr'><strong>attigit,</strong></span> <span class='ocrx_word' id='word_1_220' title='bbox 1174 3843 1375 3939; x_wconf 88' lang='lat' dir='ltr'><strong>expediam.</strong></span> 
     </span>
    </p>
   </div>
   <div class='ocr_carea' id='block_1_10' title="bbox 208 3967 1379 4181">
    <p class='ocr_par' dir='ltr' id='par_1_10' title="bbox 208 3967 1379 4181">
     <span class='ocr_line' id='line_1_29' title="bbox 256 3967 1379 4066; baseline -0.001 -27"><span class='ocrx_word' id='word_1_221' title='bbox 256 3969 404 4040; x_wconf 90' lang='lat' dir='ltr'><strong>Plautus</strong></span> <span class='ocrx_word' id='word_1_222' title='bbox 434 3969 531 4040; x_wconf 87' lang='lat' dir='ltr'><strong>enim</strong></span> <span class='ocrx_word' id='word_1_223' title='bbox 561 3969 738 4066; x_wconf 80' lang='lat' dir='ltr'><strong>gerundio</strong></span> <span class='ocrx_word' id='word_1_224' title='bbox 770 3969 900 4040; x_wconf 90' lang='lat' dir='ltr'><strong>obiecti</strong></span> <span class='ocrx_word' id='word_1_225' title='bbox 931 3969 1177 4040; x_wconf 89' lang='lat' dir='ltr'><strong>accusatiuum</strong></span> <span class='ocrx_word' id='word_1_226' title='bbox 1207 3967 1379 4039; x_wconf 88' lang='lat' dir='ltr'><strong>terdecies</strong></span> 
     </span>
     <span class='ocr_line' id='line_1_30' title="bbox 208 4082 1377 4181; baseline -0.003 -25"><span class='ocrx_word' id='word_1_227' title='bbox 208 4082 383 4156; x_wconf 85' lang='lat' dir='ltr'><strong>adiunxit.</strong></span> <span class='ocrx_word' id='word_1_228' title='bbox 407 4083 488 4175; x_wconf 84' lang='lat' dir='ltr'><strong>Quo</strong></span> <span class='ocrx_word' id='word_1_229' title='bbox 513 4084 550 4157; x_wconf 90' lang='lat' dir='ltr'><strong>id</strong></span> <span class='ocrx_word' id='word_1_230' title='bbox 574 4085 682 4157; x_wconf 91' lang='lat' dir='ltr'><strong>modo</strong></span> <span class='ocrx_word' id='word_1_231' title='bbox 702 4084 825 4156; x_wconf 86' lang='lat' dir='ltr'><strong>fecerit</strong></span> <span class='ocrx_word' id='word_1_232' title='bbox 850 4084 1015 4181; x_wconf 88' lang='lat' dir='ltr'><strong>exempla</strong></span> <span class='ocrx_word' id='word_1_233' title='bbox 1035 4083 1149 4156; x_wconf 81' lang='lat' dir='ltr'><strong>haec2</strong></span> <span class='ocrx_word' id='word_1_234' title='bbox 1169 4083 1377 4154; x_wconf 86' lang='lat' dir='ltr'><strong>ostendunt.</strong></span> 
     </span>
    </p>
   </div>
   <div class='ocr_carea' id='block_1_11' title="bbox 157 4424 1381 4869">
    <p class='ocr_par' dir='ltr' id='par_1_11' title="bbox 157 4424 1381 4869">
     <span class='ocr_line' id='line_1_31' title="bbox 240 4424 1381 4490; baseline -0.003 -13"><span class='ocrx_word' id='word_1_235' title='bbox 240 4428 264 4478; x_wconf 88' lang='lat'><strong>1.</strong></span> <span class='ocrx_word' id='word_1_236' title='bbox 287 4429 366 4476; x_wconf 88' lang='lat' dir='ltr'><strong>Hanc</strong></span> <span class='ocrx_word' id='word_1_237' title='bbox 379 4427 624 4490; x_wconf 83' lang='lat' dir='ltr'><strong>comparationem,</strong></span> <span class='ocrx_word' id='word_1_238' title='bbox 644 4429 668 4477; x_wconf 84' lang='lat' dir='ltr'><strong>si</strong></span> <span class='ocrx_word' id='word_1_239' title='bbox 685 4426 748 4490; x_wconf 86' lang='lat' dir='ltr'><strong>quis</strong></span> <span class='ocrx_word' id='word_1_240' title='bbox 766 4427 908 4477; x_wconf 85' lang='lat' dir='ltr'><strong>existimet</strong></span> <span class='ocrx_word' id='word_1_241' title='bbox 922 4425 1069 4476; x_wconf 88' lang='lat' dir='ltr'><strong>nobiseum</strong></span> <span class='ocrx_word' id='word_1_242' title='bbox 1081 4440 1177 4489; x_wconf 87' lang='lat' dir='ltr'><strong>parum</strong></span> <span class='ocrx_word' id='word_1_243' title='bbox 1192 4425 1292 4483; x_wconf 83' lang='lat' dir='ltr'><strong>facere,</strong></span> <span class='ocrx_word' id='word_1_244' title='bbox 1305 4424 1333 4474; x_wconf 83' lang='lat' dir='ltr'><strong>et</strong></span> <span class='ocrx_word' id='word_1_245' title='bbox 1349 4438 1381 4474; x_wconf 90' lang='lat' dir='ltr'><strong>eo</strong></span> 
     </span>
     <span class='ocr_line' id='line_1_32' title="bbox 157 4498 1381 4566; baseline -0.002 -15"><span class='ocrx_word' id='word_1_246' title='bbox 157 4498 167 4513; x_wconf 60' lang='lat'><strong>⁴²</strong></span> <span class='ocrx_word' id='word_1_247' title='bbox 209 4502 328 4552; x_wconf 87' lang='lat' dir='ltr'><strong>maxime</strong></span> <span class='ocrx_word' id='word_1_248' title='bbox 341 4503 509 4560; x_wconf 86' lang='lat' dir='ltr'><strong>claudicare,</strong></span> <span class='ocrx_word' id='word_1_249' title='bbox 528 4508 558 4552; x_wconf 85' lang='lat' dir='ltr'><strong>ut</strong></span> <span class='ocrx_word' id='word_1_250' title='bbox 571 4503 660 4562; x_wconf 86' lang='lat' dir='ltr'><strong>aiunt,</strong></span> <span class='ocrx_word' id='word_1_251' title='bbox 674 4503 748 4566; x_wconf 89' lang='lat' dir='ltr'><strong>quod</strong></span> <span class='ocrx_word' id='word_1_252' title='bbox 764 4516 827 4552; x_wconf 85' lang='lat' dir='ltr'><strong>cum</strong></span> <span class='ocrx_word' id='word_1_253' title='bbox 844 4502 993 4566; x_wconf 88' lang='lat' dir='ltr'><strong>participio</strong></span> <span class='ocrx_word' id='word_1_254' title='bbox 1008 4502 1124 4551; x_wconf 91' lang='lat' dir='ltr'><strong>uerbum</strong></span> <span class='ocrx_word' id='word_1_255' title='bbox 1141 4502 1243 4565; x_wconf 78' lang='lat' dir='ltr'><strong>(avoirt</strong></span> <span class='ocrx_word' id='word_1_256' title='bbox 1266 4501 1381 4549; x_wconf 90' lang='lat' dir='ltr'><strong>coniun-</strong></span> 
     </span>
     <span class='ocr_line' id='line_1_33' title="bbox 209 4574 1379 4641; baseline -0.003 -15"><span class='ocrx_word' id='word_1_257' title='bbox 209 4580 299 4639; x_wconf 82' lang='lat' dir='ltr'><strong>gatur,</strong></span> <span class='ocrx_word' id='word_1_258' title='bbox 320 4591 384 4626; x_wconf 91' lang='lat' dir='ltr'><strong>eum</strong></span> <span class='ocrx_word' id='word_1_259' title='bbox 398 4576 555 4626; x_wconf 84' lang='lat' dir='ltr'><strong>admonebo</strong></span> <span class='ocrx_word' id='word_1_260' title='bbox 574 4579 742 4641; x_wconf 84' lang='lat' dir='ltr'><strong>contagione</strong></span> <span class='ocrx_word' id='word_1_261' title='bbox 764 4578 867 4627; x_wconf 79' lang='lat' dir='ltr'><strong>factum</strong></span> <span class='ocrx_word' id='word_1_262' title='bbox 890 4582 921 4626; x_wconf 87' lang='lat' dir='ltr'><strong>ut</strong></span> <span class='ocrx_word' id='word_1_263' title='bbox 946 4576 1126 4639; x_wconf 89' lang='lat' dir='ltr'><strong>participium</strong></span> <span class='ocrx_word' id='word_1_264' title='bbox 1151 4577 1191 4625; x_wconf 91' lang='lat' dir='ltr'><strong>ita</strong></span> <span class='ocrx_word' id='word_1_265' title='bbox 1208 4589 1267 4624; x_wconf 88' lang='lat' dir='ltr'><strong>cum</strong></span> <span class='ocrx_word' id='word_1_266' title='bbox 1292 4574 1379 4629; x_wconf 85' lang='lat' dir='ltr'><strong>uerbo</strong></span> 
     </span>
     <span class='ocr_line' id='line_1_34' title="bbox 208 4649 1376 4716; baseline -0.001 -16"><span class='ocrx_word' id='word_1_267' title='bbox 208 4651 385 4702; x_wconf 85' lang='lat' dir='ltr'><strong>coniunctum</strong></span> <span class='ocrx_word' id='word_1_268' title='bbox 403 4652 494 4716; x_wconf 87' lang='lat' dir='ltr'><strong>ipsum</strong></span> <span class='ocrx_word' id='word_1_269' title='bbox 512 4653 636 4702; x_wconf 88' lang='lat' dir='ltr'><strong>actiuum</strong></span> <span class='ocrx_word' id='word_1_270' title='bbox 654 4652 803 4710; x_wconf 79' lang='lat' dir='ltr'><strong>uideretur,</strong></span> <span class='ocrx_word' id='word_1_271' title='bbox 822 4651 896 4715; x_wconf 89' lang='lat' dir='ltr'><strong>quod</strong></span> <span class='ocrx_word' id='word_1_272' title='bbox 909 4651 1061 4702; x_wconf 88' lang='lat' dir='ltr'><strong>ostendunt</strong></span> <span class='ocrx_word' id='word_1_273' title='bbox 1076 4649 1213 4701; x_wconf 88' lang='lat' dir='ltr'><strong>eiusmodi</strong></span> <span class='ocrx_word' id='word_1_274' title='bbox 1226 4650 1376 4699; x_wconf 85' lang='lat' dir='ltr'><strong>formulae:</strong></span> 
     </span>
     <span class='ocr_line' id='line_1_35' title="bbox 209 4724 1379 4791; baseline -0.003 -13"><span class='ocrx_word' id='word_1_275' title='bbox 209 4725 314 4791; x_wconf 76' lang='lat' dir='ltr'><strong>«Hecu</strong></span> <span class='ocrx_word' id='word_1_276' title='bbox 339 4727 375 4778; x_wconf 84' lang='lat' dir='ltr'><strong>de</strong></span> <span class='ocrx_word' id='word_1_277' title='bbox 399 4727 511 4778; x_wconf 69' lang='lat' dir='ltr'><strong>bonnet</strong></span> <span class='ocrx_word' id='word_1_278' title='bbox 535 4728 695 4784; x_wconf 71' lang='lat' dir='ltr'><strong>nouvelles,</strong></span> <span class='ocrx_word' id='word_1_279' title='bbox 719 4727 824 4790; x_wconf 68' lang='lat' dir='ltr'><strong>fouent</strong></span> <span class='ocrx_word' id='word_1_280' title='bbox 851 4728 879 4778; x_wconf 84' lang='lat' dir='ltr'><strong>ta</strong></span> <span class='ocrx_word' id='word_1_281' title='bbox 901 4725 1121 4786; x_wconf 77' lang='lat' dir='ltr'><strong>marchandise‚</strong></span> <span class='ocrx_word' id='word_1_282' title='bbox 1142 4725 1217 4789; x_wconf 75' lang='lat' dir='ltr'><strong>pape</strong></span> <span class='ocrx_word' id='word_1_283' title='bbox 1241 4724 1268 4774; x_wconf 83' lang='lat' dir='ltr'><strong>ta</strong></span> <span class='ocrx_word' id='word_1_284' title='bbox 1284 4725 1379 4775; x_wconf 79' lang='lat' dir='ltr'><strong>meme</strong></span> 
     </span>
     <span class='ocr_line' id='line_1_36' title="bbox 209 4797 1044 4869; baseline 0.001 -18"><span class='ocrx_word' id='word_1_285' title='bbox 209 4811 333 4852; x_wconf 83' lang='lat' dir='ltr'><strong>somme.</strong></span> <span class='ocrx_word' id='word_1_286' title='bbox 355 4803 424 4853; x_wconf 75' lang='lat' dir='ltr'><strong>»ct</strong></span> <span class='ocrx_word' id='word_1_287' title='bbox 443 4797 546 4860; x_wconf 74' lang='lat' dir='ltr'><strong>Brinta,</strong></span> <span class='ocrx_word' id='word_1_288' title='bbox 565 4802 654 4854; x_wconf 77' lang='lat' dir='ltr'><strong>Essai</strong></span> <span class='ocrx_word' id='word_1_289' title='bbox 672 4803 707 4854; x_wconf 85' lang='lat' dir='ltr'><strong>de</strong></span> <span class='ocrx_word' id='word_1_290' title='bbox 721 4803 918 4867; x_wconf 68' lang='lat' dir='ltr'><strong>seruauitque,</strong></span> <span class='ocrx_word' id='word_1_291' title='bbox 936 4816 966 4869; x_wconf 72' lang='lat' dir='ltr'><strong>p,</strong></span> <span class='ocrx_word' id='word_1_292' title='bbox 988 4802 1044 4854; x_wconf 76' lang='lat'><strong>224.</strong></span> 
     </span>
    </p>
   </div>
   <div class='ocr_carea' id='block_1_12' title="bbox 241 4889 776 4956">
    <p class='ocr_par' dir='ltr' id='par_1_12' title="bbox 241 4889 776 4956">
     <span class='ocr_line' id='line_1_37' title="bbox 241 4889 776 4956; baseline 0.007 -16"><span class='ocrx_word' id='word_1_293' title='bbox 241 4889 266 4940; x_wconf 84' lang='lat'><strong>2.</strong></span> <span class='ocrx_word' id='word_1_294' title='bbox 284 4889 328 4940; x_wconf 81' lang='lat' dir='ltr'><strong>Cf.</strong></span> <span class='ocrx_word' id='word_1_295' title='bbox 350 4891 557 4951; x_wconf 74' lang='lat' dir='ltr'><strong>Hunuuuuiuu,</strong></span> <span class='ocrx_word' id='word_1_296' title='bbox 577 4891 598 4943; x_wconf 81' lang='lat' dir='ltr'><strong>l.</strong></span> <span class='ocrx_word' id='word_1_297' title='bbox 616 4891 639 4944; x_wconf 87' lang='lat' dir='ltr'><strong>t.</strong></span> <span class='ocrx_word' id='word_1_298' title='bbox 658 4891 776 4956; x_wconf 80' lang='lat' dir='ltr'><strong>passim.</strong></span> 
     </span>
    </p>
   </div>
   <div class='ocr_carea' id='block_1_13' title="bbox 0 0 1676 5574">
    <p class='ocr_par' dir='ltr' id='par_1_13' title="bbox 0 0 1676 5574">
     <span class='ocr_line' id='line_1_38' title="bbox 0 0 1676 5574; baseline 0 0"><span class='ocrx_word' id='word_1_299' title='bbox 0 0 1676 5574; x_wconf 95' lang='lat' dir='ltr'><strong> </strong></span> 
     </span>
    </p>
   </div>
  </div>
 </body>
</html>
