3330 5574
245 552 286 613 52
528 558 573 602 DE
598 557 784 603 GERUNDIVI
809 555 876 601 USU
901 554 1113 602 RECENTIORE

246 783 399 881 uestigia
413 782 569 881 reliquit.
590 782 697 873 Nam,
718 797 757 855 ut
771 807 852 854 cum
874 781 1063 879 participio
1077 782 1139 854 illo
1158 782 1411 879 antiquissimo

245 901 281 972 in
301 899 412 971 -ndus
427 899 558 989 actiu0,
576 898 736 971 certabat
750 897 908 970 actiuum
924 897 1152 995 participium
1168 899 1265 995 quod
1277 900 1313 968 in
1331 923 1412 969 -eos

246 1015 332 1104 exit,
354 1014 402 1087 itu
424 1039 531 1110 saepe
550 1039 631 1087 oum
656 1014 725 1086 hoo
752 1040 833 1102 usu,
865 1038 937 1110 quo
957 1012 1059 1085 uerbi
1079 1013 1157 1110 ipsa
1177 1013 1269 1086 actio
1289 1013 1412 1110 expri-

246 1118 423 1219 mebatur,
438 1130 482 1203 de
497 1130 575 1202 loco
589 1129 828 1202 contendebat
843 1129 938 1202 idem
951 1129 1159 1227 exprimens
1173 1130 1409 1226 gerundium:

246 1247 333 1344 quin
362 1245 470 1318 etiam
490 1259 624 1318 attente
643 1244 883 1317 consideranti
906 1245 1070 1343 exempla
1089 1245 1255 1341 superius
1276 1246 1413 1341 prolata

246 1374 396 1458 apparet
432 1361 469 1430 in
507 1361 683 1433 eiusmodi
718 1360 806 1432 locis
842 1359 1041 1433 adhibitum
1074 1360 1335 1458 gerundium,
1375 1361 1412 1432 in

247 1476 391 1575 quibus,
412 1502 458 1548 ex
478 1476 595 1549 Latini
623 1476 800 1549 sermonis
824 1476 997 1572 ingenim,
1024 1476 1085 1548 uix
1104 1475 1265 1548 adhiberi
1292 1491 1412 1574 posset

247 1591 503 1689 gerundium.²

534 2090 760 2203 'curor
811 2090 1082 2182 cunarum

249 2336 460 2400 GERUNDIVO‚
482 2336 547 2381 REM
564 2334 715 2382 AGENDAM
734 2336 790 2381 llll!
803 2335 905 2381 acria
921 2334 1120 2400 OPPONENTI,
1143 2337 1183 2380 ET
1201 2335 1241 2381 AD
1261 2335 1416 2380 FUTURUM

299 2450 440 2494 INFINITI
446 2449 475 2494 VI
503 2450 615 2497 GRAECI
648 2452 863 2497 REDDENDUM
888 2452 1065 2517 ADHIBITO,
1097 2452 1166 2497 NON
1197 2453 1251 2496 ITA
1285 2452 1415 2496 PRIDEM

298 2567 423 2612 FUTURI
448 2566 548 2651 NOTlO
575 2566 755 2614 ACCREVIT.

298 2779 396 2850 Haeo
414 2762 615 2849 cauendum
635 2789 688 2848 ost
707 2777 846 2874 nequis
866 2777 986 2850 credat
1004 2777 1128 2849 eadem
1154 2803 1232 2850 esse
1249 2791 1355 2875 atque
1375 2804 1416 2850 ea

250 2918 341 2992 quae
363 2918 383 2963 a
402 2891 631 2965 Weisweiler
656 2891 859 2964 traduntur.
886 2892 978 2964 Nam
992 2892 1086 2964 inter
1110 2918 1188 2964 eam
1216 2893 1416 2965 doctrinam

250 3023 482 3105 nostramque
499 3006 653 3079 multum
670 3008 827 3080 interest.
850 3007 966 3099 Quam
983 3008 1079 3079 enim
1098 3008 1156 3081 ille
1171 3009 1281 3080 futuri
1297 3009 1416 3081 notio-

251 3150 333 3196 nem
361 3123 406 3194 ab
426 3123 527 3194 initio
545 3121 656 3195 fuisse
676 3122 737 3220 (cf.
762 3149 884 3221 supra,
907 3149 942 3220 p.
966 3150 985 3193 2
1008 3136 1042 3196 et
1061 3126 1137 3219 22),
1159 3149 1225 3196 nos
1245 3150 1317 3195 non
1334 3140 1417 3199 ante

252 3239 448 3311 secundum
469 3238 593 3310 aetatis
613 3238 827 3311 christianae
846 3239 1027 3311 saeculum
1045 3239 1244 3311 accreuisse
1263 3240 1417 3313 arbitra-

251 3380 332 3425 mur
349 3381 358 3444 ;
387 3380 495 3452 quam
520 3354 579 3426 ille
599 3354 806 3451 aliquandiu
827 3355 973 3427 notione
992 3354 1214 3427 necessitatis
1234 3356 1415 3428 exclusam

251 3483 375 3567 postea
398 3469 606 3559 incaluisse,
633 3495 699 3541 nos
718 3495 811 3560 eam,
833 3471 878 3542 ab
898 3470 999 3541 initio
1019 3496 1101 3542 oum
1121 3496 1193 3543 non
1211 3470 1349 3563 fnisset,
1371 3498 1416 3544 ex

251 3585 311 3656 illa
331 3585 487 3656 maxime
502 3600 617 3657 ortam
637 3584 860 3682 profitemur.

301 3700 520 3772 Sententiam
545 3726 648 3772 suam
666 3700 907 3789 Weisweiler,
935 3701 1066 3797 partim
1097 3701 1213 3774 Latini
1240 3703 1417 3775 sermonis

253 3829 287 3887 et
321 3815 537 3912 scriptorum
575 3841 656 3905 usu,
688 3816 818 3913 partim
851 3817 1170 3912 grammaticorum
1208 3818 1417 3891 auctoritate

252 3930 450 4003 confirmat.
467 3931 541 4002 Nos
559 3945 594 4003 et
613 3956 653 4003 ea
673 3945 885 4028 argumenta
904 3957 995 4029 quae
1017 3957 1062 4004 ex
1080 3933 1215 4006 formae
1230 3933 1267 4004 in
1287 3934 1417 4006 -eodus
1523 4018 1525 4023 ¹

253 4045 450 4160 desinentis
479 4045 711 4118 similitudine
740 4071 822 4118 cum
853 4046 1037 4119 indicatiui
1065 4048 1184 4120 futuro
1215 4049 1414 4146 (leqendus,

253 4162 447 4258 lapmian),
476 4175 510 4233 et
535 4160 595 4233 illa
628 4187 719 4259 quae
752 4162 1033 4259 exscriptorum
1061 4190 1129 4236 usu
1157 4164 1283 4255 adfert,
1314 4177 1418 4236 antea
1467 4208 1469 4214 ,

284 4482 304 4532 1.
322 4482 352 4531 iti
369 4485 526 4546 repugnant
540 4483 874 4533 structuraehuiusmodi:
892 4482 1194 4545 rerumfloresceudo
1205 4484 1242 4535 ad
1256 4486 1416 4537 hominum

254 4557 449 4617 nascendum,
466 4559 499 4608 z'o
518 4557 676 4608 homiuum
692 4560 885 4611 renascendo.

285 4639 310 4688 2.
332 4637 465 4700 Exemplo
479 4641 521 4687 est
533 4638 585 4689 hoc
597 4637 677 4697 Gelli,
686 4639 719 4687 de
731 4651 784 4701 quo
798 4639 950 4701 supradixi
963 4642 998 4702 (p.
1010 4642 1033 4700 9,
1046 4640 1112 4690 nt«
1120 4641 1233 4690 Praeter
1242 4640 1296 4690 hoo
1306 4641 1417 4690 modum

256 4726 317 4763 esso
334 4713 402 4762 dicit
423 4727 563 4763 summum
580 4714 767 4764 adolescendi
784 4715 897 4764 humani
914 4716 1038 4778 corporis
1053 4720 1158 4778 septem
1174 4716 1267 4778 pedes,
1287 4715 1336 4776 (N.
1352 4719 1414 4767 Att.

254 4788 303 4838 111.
330 4801 368 4840 rx.
385 4789 424 4850 10)
446 4790 475 4838 in
497 4803 550 4852 quo
566 4789 753 4842 adolescendi
773 4796 863 4840 utrum
885 4791 922 4841 sit
938 4791 1103 4854 gerundium
1120 4804 1155 4840 an
1173 4790 1358 4854 gerundiuum
1370 4792 1418 4842 uix

254 4864 377 4914 discerni
392 4868 493 4928 potest.
