3330 5574
628 486 673 531 nn
697 483 854 531 urrunnu
878 485 1017 533 oarome
1367 480 1407 540 27

246 598 455 608 *-

207 789 208 793 ,
243 738 329 786 uero
360 713 452 785 inter
485 712 701 810 gerundium
722 711 873 784 amandi
889 711 1072 811 petriam,
1098 727 1134 785 et
1165 713 1409 810 gerundiuum

244 828 423 901 emendae
434 828 599 927 patriae,
620 830 769 901 eandem
786 828 957 900 interesse
973 828 1172 901 rationem1
1190 854 1297 927 quam
1318 829 1409 900 inter

244 945 390 1017 modum
410 945 566 1018 Romani
586 944 761 1017 sermonis
777 943 1053 1042 impersonalem
1069 957 1231 1034 emetur,
1248 957 1408 1018 emotum

244 1072 308 1148 est,
330 1060 608 1150 emendantem,
633 1074 666 1132 et
691 1060 836 1132 modum
859 1060 1082 1156 personalem
1096 1060 1228 1158 putria
1246 1073 1407 1149 amatur,

244 1188 369 1248 arneto
394 1189 458 1265 est,
484 1177 644 1248 emendo
663 1188 739 1248 est:
762 1175 808 1248 ita
836 1189 873 1247 ut
900 1175 1117 1272 gerundium
1143 1175 1228 1246 nihil
1248 1173 1345 1248 aliud
1365 1175 1410 1247 sit

244 1317 352 1390 quam
365 1292 558 1389 gerundiui
573 1292 700 1363 modus
717 1290 979 1388 impersonalis,
998 1291 1154 1389 obliquis
1169 1291 1230 1389 qui
1244 1292 1410 1364 dicuntur

245 1407 386 1480 casibus
403 1423 622 1505 usurpatus3
646 1431 729 1479 cum
756 1432 827 1504 qno
850 1405 1126 1478 conferendum⁹
1141 1432 1218 1479 esse
1242 1421 1409 1479 neutrum

167 1615 169 1618 .
244 1522 391 1620 perlecti
410 1523 545 1621 passini
562 1522 724 1595 absolute
739 1547 802 1594 seu
818 1522 896 1593 sine
912 1521 1072 1594 subiecto
1090 1522 1246 1619 positum
1261 1549 1268 1594 :
1286 1535 1409 1620 optato

245 1639 376 1733 (Plaut.
390 1639 526 1738 Amph.
541 1640 641 1732 658),
657 1629 816 1711 consulto
828 1638 951 1731 (Poen.
970 1639 1068 1735 788),
1085 1650 1270 1735 oupuroto
1283 1637 1370 1716 (civ.
1384 1665 1407 1709 1.

250 1755 346 1848 18.5)
362 1755 534 1845 consulte,
554 1770 692 1827 mature
700 1756 810 1852 sacto
826 1779 917 1853 opus
935 1768 988 1826 est
1003 1753 1099 1838 (Sall.
1119 1754 1199 1828 Cot.
1221 1782 1249 1826 1.
1267 1755 1319 1846 6),
1340 1767 1407 1826 cet.

294 1872 391 1944 Haec
411 1887 449 1944 ut
465 1872 614 1944 minime
638 1871 853 1969 spernenda,
883 1870 932 1944 ita
951 1883 1054 1943 caute
1068 1870 1277 1968 accipienda
1293 1883 1378 1942 sunt
1400 1897 1408 1941 :

246 1987 411 2059 uidentur
445 1986 541 2058 enim
575 1987 663 2058 mihi
691 1987 768 2084 ipsa
803 2011 907 2078 uera,
939 1987 984 2058 ad
1021 1986 1220 2058 doctrinam
1256 1983 1411 2058 auctoris

246 2103 355 2175 relata
373 2102 462 2175 falsa
482 2103 612 2200 partim
636 2117 822 2200 apparent.

295 2219 386 2290 Nam
411 2219 508 2316 quod
535 2219 580 2290 ad
605 2243 667 2290 eos
685 2231 835 2314 spectat,
858 2216 919 2316 qui
946 2217 1068 2289 dicunt
1086 2243 1105 2290 e
1125 2217 1301 2314 gerundio
1329 2242 1411 2289 cum

247 2318 1409 2432 obiectopositogerundiuumortum,itautexomondipotriom‚

247 2449 427 2522 amandae
438 2449 589 2547 patriae
608 2449 774 2538 oriretur,
800 2448 876 2520 iure
904 2462 1028 2520 contra
1056 2447 1142 2520 dicit
1169 2448 1408 2520 Weisweiler.

247 2564 430 2638 Gerundio
465 2565 560 2636 enim
596 2564 695 2662 prius
728 2563 838 2636 luisse
870 2564 1111 2661 gerundiuum
1148 2565 1300 2636 suadent
1330 2589 1411 2635 cum

247 2694 368 2754 uetera
401 2680 546 2778 linguae
579 2682 756 2752 Oscorum
780 2694 815 2751 et
844 2681 1063 2753 Umbrorum
1096 2694 1341 2768 monumenta,
1374 2679 1411 2749 in

249 2796 379 2895 quibus
390 2797 458 2868 hoc
472 2796 668 2886 interdum,
683 2795 770 2867 illud
785 2821 970 2893 nunquam
983 2794 1198 2884 inuenitur3,
1211 2810 1287 2867 tum
1305 2794 1412 2866 etiam

249 2912 346 3010 quod
363 2911 581 3009 gerundium
601 2937 683 2984 cum
703 2910 842 2984 obiecto
861 2911 1031 3009 positum,
1051 2910 1117 2983 etsi
1141 2911 1227 2983 satis
1246 2910 1413 3009 frequens

248 3042 302 3099 est
328 3053 368 3100 ea
395 3053 486 3125 quae
518 3026 647 3099 dicitur
672 3039 843 3123 argentea
869 3040 995 3116 aetate,
1025 3023 1067 3097 'in
1098 3051 1206 3098 aurea
1228 3041 1349 3099 tamen
1380 3040 1415 3098 et

249 3143 406 3216 maxime
435 3145 470 3214 in
491 3143 619 3240 priscis
644 3143 892 3239 temporibus,-
910 3168 975 3215 nec
1001 3167 1108 3239 saepe
1131 3167 1196 3214 nec
1216 3143 1285 3214 nisi
1310 3142 1414 3214 certis

250 3258 535 3349 condicionibus,
569 3257 750 3355 apparetl.
791 3259 914 3357 ltaque
950 3257 1177 3355 grammatici
1209 3243 1341 3346 dicant,
1384 3257 1414 3328 si

250 3375 379 3473 placet,
395 3375 639 3473 gerundiuum
653 3399 720 3470 pro
734 3374 912 3471 gerundia
927 3399 1009 3450 cum
1024 3373 1164 3446 obiecto
1180 3373 1296 3470 poni‚⁵
1308 3372 1415 3445 modo

250 3491 287 3563 id
301 3491 498 3562 concedant
507 3489 717 3562 scholastice
728 3489 811 3578 dici,
821 3515 892 3587 quo
908 3487 1162 3561 adulescentuli
1179 3487 1317 3560 facilius
1330 3487 1416 3585 quid

251 3620 472 3704 proponatur
492 3606 649 3703 capiant,
673 3605 724 3677 rei
742 3605 929 3678 ueritatem
950 3605 1089 3676 tradere
1114 3630 1159 3676 ne
1183 3604 1412 3676 contendant.

253 3723 447 3820 Hucusque
471 3721 609 3820 placitis
637 3721 863 3794 Weisweiler
886 3720 1052 3793 assentiri
1078 3745 1238 3818 possum.

302 3839 373 3910 Sed
389 3838 474 3910 dum
487 3850 671 3936 comparat
684 3837 1020 3935 omondipotriom,
1034 3848 1068 3908 et
1083 3834 1417 3933 omondoepotrioe

254 3981 333 4028 cum
367 3954 563 4027 emendum
596 3965 647 4027 est
672 3952 839 4051 petriam
868 3966 903 4025 et
927 3951 1059 4050 patrio
1089 3951 1249 4025 emendo
1281 3962 1346 4041 est,
1380 3950 1417 4022 id

257 4071 396 4143 cautius
416 4070 528 4168 accipi
549 4069 665 4142 debet.

285 4344 308 4394 t.
329 4344 529 4398 WEISWEILER‚
544 4341 564 4392 t.
582 4342 604 4392 t.
624 4355 653 4404 p.
673 4342 712 4400 73,
728 4343 766 4399 83,
784 4341 825 4392 84.

285 4423 310 4474 t.
333 4425 531 4480 wasnaum,
548 4421 568 4473 l.
586 4422 606 4472 l.
623 4435 653 4485 p.
673 4423 712 4480 84,
730 4423 771 4473 85.

285 4506 311 4555 3.
333 4504 375 4554 Gi.
396 4503 504 4565 Supra,
519 4516 549 4566 p.
568 4505 594 4552 5.

283 4585 309 4634 4.
330 4584 371 4633 Gt.
389 4596 459 4646 quae
481 4582 514 4630 de
531 4581 623 4632 Plauti
643 4595 697 4631 usu
714 4583 920 4637 Hennensem,
936 4594 962 4644 p.
975 4581 1005 4632 50
1022 4593 1081 4643 sq.;
1100 4580 1130 4629 68
1147 4591 1198 4641 sq,
1213 4580 1275 4634 cet,
1293 4576 1415 4640 scripsit,

255 4659 289 4708 de
303 4658 402 4708 ceteris
418 4659 619 4713 Weiswnmun,
640 4657 662 4707 t.
678 4657 698 4708 t.
715 4671 744 4720 p.
765 4656 810 4707 '109
827 4671 869 4721 sq.

286 4739 311 4788 5.
332 4740 464 4787 Riemann
479 4741 506 4786 et
521 4737 660 4793 oonuzun,
680 4735 816 4790 orarum.
831 4749 928 4801 comp.
943 4748 972 4798 11,
991 4736 1075 4795 §5763
1099 4736 1312 4791 Wnissnnrnus
1330 4731 1415 4805 Snyut.

257 4812 308 4864 lat.
324 4816 336 4874 ἓ
351 4815 394 4865 tot
411 4813 440 4862 b.
457 4828 464 4874 3
482 4813 530 4864 alii
542 4813 685 4877 permulti.
