3330 5574
291 443 328 502 16
581 448 626 492 un
653 446 841 492 onuunnrvr
867 447 902 491 vr
926 445 1168 510 turronrssrun

1304 558 1464 568 ³-—

288 671 325 742 in
353 671 520 744 omnibus
555 671 675 744 uerbis
708 685 745 743 ut
777 671 893 743 haec:
920 670 1089 758 ornabar,
1124 695 1245 761 umor,
1275 672 1457 762 amabam

288 799 432 859 amotus
447 813 563 876 erum,
579 812 672 875 sum,
685 810 761 859 ero.
779 787 837 882 (L.
857 785 1104 881 Lot.,1x.9li).
1124 785 1217 859 Sunt
1226 785 1352 882 igitur,
1370 801 1460 859 teste

288 902 367 973 uiro
398 902 645 974 Romanorum
675 900 946 990 disertissim01,
979 901 1173 972 uerborum
1205 902 1460 997 temporalium

287 1016 397 1088 series
419 1016 538 1106 binae,
560 1041 713 1115 quarum
729 1015 766 1085 in
786 1015 896 1086 altera
908 1016 1116 1111 perfectum
1136 1015 1265 1113 quouis
1280 1030 1457 1114 tempore,

288 1131 324 1200 in
352 1130 462 1204 altera
488 1131 618 1229 quouis
656 1145 817 1227 tempore
849 1130 1101 1227 imperfectum
1131 1130 1357 1227 exprimitur.
1388 1130 1460 1202 Sed

281 1248 487 1343 perfectum
514 1257 548 1318 et
584 1246 834 1344 imperfectum
867 1270 939 1317 non
966 1245 1095 1317 modus
1123 1257 1222 1316 notat
1247 1271 1318 1343 quo
1351 1245 1461 1317 uerba

286 1359 456 1432 desinunt
477 1365 562 1458 (quo
588 1361 734 1460 quidem
760 1360 868 1432 modo
898 1384 1072 1457 personae
1102 1374 1137 1432 et
1168 1374 1332 1456 tempora
1362 1360 1460 1433 desi-

286 1477 475 1572 gnantur),
510 1477 573 1548 sed
604 1477 733 1549 modus
765 1501 837 1573 quo
873 1474 983 1546 uerba
1019 1475 1208 1571 incipiunt.
1251 1475 1329 1548 Hoc
1363 1475 1459 1548 idem

286 1591 402 1662 Varro
421 1603 572 1674 testatur
594 1618 602 1662 ε
634 1617 653 1661 «
673 1591 846 1662 Similiter
865 1602 987 1662 errant
1010 1590 1071 1687 qui
1091 1590 1217 1662 dicunt
1237 1616 1283 1662 ex
1308 1605 1459 1688 utraque

287 1719 388 1801 parte
423 1706 534 1778 uerba
564 1706 686 1779 omnia
729 1719 950 1778 commutare
984 1705 1141 1802 syllabas
1178 1719 1356 1802 oportere,
1398 1720 1460 1778 aut

286 1819 425 1892 nullum
446 1820 483 1891 in
498 1821 577 1895 his:
602 1846 743 1918 punga,
761 1845 941 1916 pungam,
964 1819 1125 1917 pupugi,
1146 1819 1269 1908 tundo,
1292 1820 1456 1909 tundam,

287 1935 408 2006 tutudi
425 1963 433 2027 ;
466 1936 654 2008 dissimilia
679 1936 774 2007 enim
797 1934 988 2007 conferunt
1005 1935 1115 2006 uerba
1134 1934 1256 2007 inlecti
1273 1961 1355 2007 cum
1375 1961 1459 2032 per-

287 2049 399 2122 fectis,
434 2051 542 2142 Quod
572 2051 602 2122 si
634 2051 766 2123 infecta
800 2050 916 2128 modo
950 2049 1164 2139 conferrent,
1201 2051 1321 2122 omnia
1356 2051 1458 2122 uerbi

281 2156 469 2263 principio
485 2166 793 2239 incommutabilia
813 2165 1033 2253 uiderentur,
1054 2165 1146 2236 utin
1167 2165 1221 2236 his
1232 2165 1454 2263 (iungebam,

278 2304 422 2377 pungo,
432 2307 615 2380 pungam,
636 2295 671 2353 et
689 2295 814 2353 contra
830 2306 876 2352 ex
891 2293 1041 2377 utraque
1056 2294 1157 2376 parte
1172 2279 1455 2371 commutabilia,

285 2397 316 2468 si
348 2397 504 2493 perlecta
531 2408 706 2494 ponerent
724 2409 763 2467 ut
784 2420 1033 2493 pupugerom,
1059 2395 1219 2493 pupugi,
1243 2420 1452 2492 pupugere.

286 2512 344 2608 (L.
364 2513 408 2582 L.
429 2517 553 2608 capp).

334 2655 382 2724 At
409 2654 506 2750 quod
535 2652 572 2722 in
604 2651 714 2723 uerbo
744 2649 846 2722 linito
871 2675 934 2722 seu
966 2651 1157 2748 temporali
1192 2677 1270 2724 esse
1304 2664 1455 2723 testatur

284 2768 414 2856 Varro,
431 2767 466 2837 id
490 2766 579 2838 etin
599 2766 710 2838 uerbo
730 2764 870 2836 infinito
889 2790 967 2837 esse
980 2766 1273 2862 deprehenditur.
1292 2767 1455 2839 Concor-

283 2881 371 2954 dant
395 2881 487 2952 inter
523 2906 561 2952 se
594 2879 782 2977 principiis
807 2879 928 2976 legere
958 2905 1040 2952 cum
1073 2880 1167 2978 lc‘yO,
1203 2880 1334 2978 legisse
1371 2907 1452 2953 cum

283 2996 368 3093 lapi,
392 3021 456 3068 nec
481 3021 553 3066 non
575 2995 697 3093 legens
716 3020 799 3066 cum
820 2993 914 3092 ldqo,
937 2995 1070 3093 ldgere,
1092 3010 1199 3093 atque
1219 3022 1301 3068 cum
1330 2995 1453 3094 ldpens

285 3110 468 3208 ldpendua.
498 3154 535 3165 -
561 3113 684 3209 ltaque
709 3110 739 3181 si
763 3109 1002 3207 etymologiae
1023 3136 1087 3183 seu
1113 3110 1252 3208 figurae
1275 3112 1452 3184 rationem

281 3227 455 3298 hahemus
469 3226 663 3298 uerisimile
674 3240 741 3316 est,
751 3241 790 3298 ut
805 3228 938 3323 legem,
956 3226 1004 3298 ita
1015 3225 1185 3323 legendus
1201 3212 1450 3324 imperfectdm

282 3367 344 3414 seu
363 3341 534 3413 infectum
548 3341 763 3438 exprimere.

330 3486 364 3579 2)
381 3486 456 3555 lam
471 3484 567 3582 quod
582 3485 802 3582 etymologia
816 3486 962 3575 indicat,
981 3485 1017 3558 id
1029 3510 1115 3557 usus
1131 3485 1231 3558 uerbi
1247 3485 1447 3559 confirmat.

282 3599 374 3670 Nam
410 3599 613 3695 gerundiuo
644 3601 771 3672 eodem
799 3601 906 3673 modo
939 3600 1132 3697 scriptores
1168 3615 1317 3674 utuntur
1342 3607 1452 3701 'atque

282 3738 324 3785 eo
350 3713 447 3811 quod
465 3738 644 3811 praesens
670 3714 799 3787 dicitur
826 3715 1027 3813 participio.

331 3854 474 3950 Negant
491 3854 529 3927 id
547 3855 708 3952 quidam,
734 3856 810 3947 sed,
834 3856 975 3953 opinor,
998 3857 1141 3947 iniuria,
1170 3858 1332 3955 eoquod
1358 3858 1451 3932 inter

281 3981 418 4065 tempus
433 3983 467 4040 et
486 3969 658 4042 actionem
674 3971 761 4069 quid
778 3971 931 4063 intersit,
954 3997 1026 4044 non
1047 3972 1133 4045 satis
1152 3986 1332 4070 reputant.
1357 3969 1465 4045 Nam'

281 4083 311 4154 si
335 4083 423 4154 uelis
443 4084 589 4180 proprio
607 4110 664 4156 res
687 4085 833 4158 nomine
857 4111 998 4176 uocare,
1021 4087 1084 4158 uix
1108 4087 1179 4159 dici
1201 4102 1320 4185 potest
1331 4114 1450 4186 proe-

257 4221 373 4287 .sen3‚
394 4223 457 4269 seu
475 4198 681 4295 praesentis
698 4200 940 4298 participium.
963 4201 1197 4299 Participium
1217 4203 1314 4274 enim
1331 4229 1449 4301 prue-

278 4336 358 4405 sens
378 4326 520 4410 tempus
540 4339 613 4385 non
633 4313 767 4387 indicat
785 4315 855 4387 nisi
884 4341 926 4388 eo
954 4329 1094 4388 tantum
1114 4343 1222 4390 sensu
1247 4319 1345 4415 quod
1371 4319 1448 4391 siue

313 4717 336 4768 1.
357 4717 529 4780 Qoru'runnn,
548 4721 608 4769 ΧΑ.
