3330 5574
244 503 283 563 28
527 510 571 555 DE
597 509 785 556 GERUNDIVI
815 510 881 557 USU
907 509 1135 557 nncunrtonu.

295 735 385 806 Nam
400 735 467 808 hoc
478 736 522 807 ad
533 735 739 807 uniuersam
751 749 910 807 nostram
921 734 964 806 de
975 733 1177 831 gerundiuo
1188 733 1408 805 doctrinam¹

245 851 276 923 si
297 850 485 941 referatur,
507 875 633 922 uerum
657 876 735 923 esse
757 851 905 923 omnino
931 864 1060 948 potest,
1084 850 1114 921 si
1138 850 1182 921 ad
1209 849 1304 920 illius
1327 849 1410 920 doc-

246 967 391 1056 trinam,
419 966 516 1064 quod
542 966 667 1039 attinet
692 967 737 1038 ad
765 966 959 1038 sententiae
981 966 1136 1062 figuram
1164 990 1205 1037 ac
1241 964 1410 1063 syntaxin

247 1108 387 1172 uerum,
409 1082 505 1180 quod
520 1084 565 1155 ad
580 1081 880 1179 significationem
899 1081 1106 1171 uerborum,
1127 1080 1257 1153 falsum
1279 1095 1344 1153 est.

295 1216 400 1305 Nam,
433 1241 512 1288 mea
537 1215 681 1314 quidem
707 1216 895 1304 sententia,
926 1215 1122 1288 ornandum
1153 1226 1205 1286 est
1227 1213 1410 1312 putrium,
1453 1239 1457 1255 ‘
1490 1270 1492 1276 .

239 1332 370 1430 patrio
392 1332 552 1404 emunda
570 1344 635 1421 est,
659 1332 711 1404 rei
735 1333 913 1428 gerendae
934 1332 1182 1403 necessitatem
1204 1330 1411 1427 exprimunt

245 1447 291 1539 (il
306 1449 398 1545 suut
431 1447 583 1542 or'mer);
613 1462 649 1519 at
680 1447 831 1520 ornandi
857 1447 1024 1545 putrium
1054 1447 1156 1545 cique
1189 1446 1411 1543 respondens

207 1656 215 1671 ³
246 1563 757 1664 omondoepotrioe,tautum
773 1561 874 1634 uerbi
884 1562 1061 1634 actionem
1078 1561 1245 1634 infectam
1264 1561 1408 1653 (or'mer,

247 1682 344 1750 etant
372 1677 481 1772 oime')
513 1692 792 1776 repraesentant.
822 1679 900 1750 Hoc
927 1679 1039 1774 igitur
1068 1678 1215 1749 interest
1238 1677 1328 1748 inter
1348 1676 1412 1746 has

247 1807 281 1865 et
304 1793 382 1865 illas
410 1793 581 1866 formulas
608 1795 705 1889 quod
729 1793 850 1866 alteris
871 1793 958 1891 quid
991 1793 1067 1865 fieri
1087 1805 1262 1890 oporteat,
1293 1791 1413 1863 alteris

247 1909 335 1979 nihil
363 1909 492 1999 simile,
519 1911 581 1982 sed
605 1925 666 1983 aut
693 1910 779 2009 quid
800 1910 861 1981 liat
887 1923 948 1982 aut
973 1910 1050 2006 ipsa
1074 1909 1175 1981 uerbi
1195 1907 1411 2004 significatio

247 2025 472 2122 exprimitur.
504 2027 625 2123 ltaque
644 2026 886 2116 Weisweiler,
911 2052 991 2097 curn
1020 2051 1038 2096 e
1064 2024 1267 2122 gerundiuo
1294 2038 1411 2095 ortum

247 2141 464 2237 gerundium
484 2142 687 2231 contendat,
714 2141 748 2211 in
774 2131 950 2238 gerundio
969 2141 1152 2212 notionem
1168 2140 1219 2210 rei
1234 2138 1413 2235 gerendae

249 2282 290 2328 ac
320 2256 460 2328 futurae
493 2282 570 2329 esse
600 2258 784 2332 contendit
801 2257 826 2348 ²,
858 2272 1051 2354 censetque
1077 2255 1260 2327 Ciceronis
1292 2252 1410 2348 (Luel.

250 2372 350 2468 bip)
382 2397 401 2441 «
425 2384 597 2444 naturum
625 2372 797 2470 optimum
826 2373 911 2444 bene
940 2371 1086 2444 uiuendi
1111 2370 1235 2442 ducem
1259 2397 1294 2458 n,
1322 2369 1414 2441 bene

243 2487 339 2558 uerti
362 2486 562 2559 «Fiihrerin
579 2488 669 2559 dazu
688 2488 770 2559 dass
790 2514 872 2559 man
892 2501 959 2584 gut
977 2487 1068 2577 lebe,
1090 2486 1170 2558 duce
1189 2485 1262 2556 eius
1277 2497 1315 2556 ut
1330 2485 1415 2556 bene

249 2602 1019 2675 uiuuturzduacuitoe'bener'nstituendoeb).
1032 2601 1103 2673 Sed
1112 2626 1183 2672 non
1192 2600 1324 2672 bonam
1335 2625 1413 2672 esse

250 2717 427 2789 eiusmodi
442 2718 772 2816 interpretationem
784 2720 914 2791 docent
928 2719 996 2815 ipsi
1012 2732 1150 2789 ueteres
1167 2744 1175 2787 :
1194 2742 1277 2787 nam
1289 2715 1414 2812 uulga-

249 2831 426 2905 tissimum
448 2833 534 2905 illud
553 2833 739 2906 scribendo
760 2834 971 2933 adsuerunt,
995 2835 1129 2904 Graece
1150 2832 1300 2904 uertitur
1318 2831 1415 2928 apud
1469 2854 1473 2858 ’

248 2973 309 3020 eos
329 2973 399 3019 non
418 2952 468 3042 (ut
487 2949 564 3048 uult
582 2948 824 3047 Weisueiler,
843 2950 1117 3047 interpretans«
1142 2961 1181 3019 ut
1199 2948 1415 3020 scriberetur

247 3062 439 3135 adfuerunt
453 3063 513 3155 ⁴»)
530 3075 580 3135 ἵνα
597 3075 757 3162 γράφηται
775 3081 932 3162 παρῆσαν,
952 3066 1013 3137 sed
1027 3075 1211 3163 γραφομένῳ
1229 3079 1372 3161 παρῆσαν
1385 3063 1409 3162 5.

207 3176 209 3179 ’
249 3179 363 3275 Igitur
380 3179 558 3252 actionem
577 3206 655 3252 earn
674 3206 764 3278 quae
784 3181 962 3277 gerundio
981 3180 1205 3276 designatur,
1227 3205 1300 3251 non
1320 3170 1415 3250 iuml

248 3320 338 3380 rain,
360 3295 423 3367 sed
442 3310 668 3392 praesentem
693 3297 1032 3394 interpretabantur.
1063 3297 1136 3366 lam
1156 3320 1242 3366 uero
1263 3295 1415 3367 uerbum

249 3411 360 3482 uerbo
376 3411 598 3482 reddendum
612 3412 660 3483 ita
671 3411 858 3502 curabant,
883 3426 920 3482 ut
942 3411 1082 3483 uiolatis
1100 3410 1276 3482 sermonis
1288 3409 1415 3481 Graeci

248 3525 390 3622 legibus
415 3526 605 3598 articulum
625 3553 697 3625 quo
716 3527 860 3599 carebat
884 3527 1009 3623 lingua
1036 3526 1161 3597 Latina
1183 3526 1413 3598 omitterent:

254 3668 271 3711 u
284 3642 418 3713 Omnes
432 3641 504 3714 fere
515 3644 635 3739 graeci
651 3642 857 3740 scriptores,
874 3643 922 3731 ait
938 3644 1079 3714 Dosson
1096 3642 1120 3728 ⁶,
1135 3641 1197 3738 qui
1213 3668 1253 3713 ea
1271 3654 1416 3713 senatus

283 3964 305 4012 1.
326 3963 455 4010 Nostram
473 3961 506 4011 de
524 3961 576 4010 hac
589 3973 618 4009 re
630 3962 807 4016 sententiam,
828 3960 850 4008 si
869 3959 981 4008 breuius
999 3973 1031 4008 ac
1048 3957 1165 4008 liberius
1183 3958 1417 4020 comprehendere

250 4038 323 4099 licet,
354 4043 419 4086 sunt
436 4038 508 4086 inter
531 4051 560 4086 se
582 4035 705 4085 amandi
725 4039 752 4084 et
775 4035 941 4085 amandum
964 4039 1005 4084 est
1028 4035 1107 4096 quasi
1134 4033 1305 4090 consobrini,
1320 4034 1417 4083 eodem

250 4126 316 4174 auo,
334 4127 400 4173 non,
418 4115 448 4162 ut
465 4114 526 4162 uult
542 4112 726 4167 Weisweiler,
746 4111 842 4160 eodem
861 4114 943 4172 patre
961 4110 1083 4158 oriundi.
1251 4117 1253 4120 ·

279 4195 306 4244 ⁶2.
328 4194 372 4242 W.
389 4192 409 4242 l.
428 4192 449 4243 t.
472 4193 526 4243 131.
549 4209 560 4237 u
577 4191 657 4241 Auch
673 4193 700 4239 in
720 4191 890 4240 Gerundium
906 4190 978 4240 wird
995 4190 1039 4239 die
1059 4189 1217 4252 Handlung‚
1237 4202 1307 4251 ganz
1325 4190 1377 4238 wie
1388 4188 1415 4237 in

249 4269 400 4325 Gerundiv‚
417 4268 469 4316 wie
483 4267 639 4329 iiberhaupt
660 4267 748 4316 durch
762 4266 811 4315 das
827 4270 900 4328 part.
921 4266 974 4315 fut.
1004 4279 1093 4328 pass,
1115 4265 1155 4314 als
1174 4278 1207 4313 zu
1225 4265 1416 4315 vollzieliende

249 4345 412 4405 Thatigkeit
432 4343 622 4404 ausgedriickt
637 4359 662 4390 n.

281 4426 306 4475 3.
329 4423 413 4480 Idem,
434 4422 555 4473 ibidem.

279 4505 304 4554 t.
328 4504 414 4562 Idem,
432 4502 553 4551 ibidem.

281 4586 305 4634 5.
327 4584 369 4631 Cf.
391 4584 527 4637 viennen,
547 4583 640 4632 Sermo
664 4582 785 4631 Graecus
803 4595 856 4644 quo
875 4581 964 4637 SPQR
987 4593 1074 4641 nsque
1102 4579 1136 4628 ad
1159 4579 1261 4629 Tiberii
1291 4580 1416 4629 Caesaris

170 4697 173 4701 <
250 4663 368 4708 aetatem
387 4657 415 4705 in
433 4657 544 4719 scriptis
556 4656 677 4718 publicis
694 4657 737 4705 usi
759 4663 833 4714 sunt,
849 4670 878 4718 p.
898 4658 936 4713 79,
954 4657 1006 4705 cite
1023 4668 1073 4718 par
1090 4655 1219 4711 Persson,
1239 4655 1257 4704 t.
1272 4655 1292 4704 t.
1313 4669 1340 4717 p.
1360 4655 1416 4714 1‘233

250 4749 279 4786 n.
301 4736 324 4784 1.
341 4761 370 4770 -
390 4733 432 4782 Gt.
455 4733 576 4788 Dosson,
596 4732 613 4782 l.
628 4731 648 4781 t.
670 4745 696 4794 p.
716 4733 754 4782 13.

281 4815 306 4865 6.
323 4816 444 4873 Dossou,
464 4813 484 4863 t.
505 4814 525 4863 t.
545 4826 575 4875 p.
595 4812 646 4868 106,
660 4825 690 4861 n.
710 4813 735 4862 3.
