3330 5574
244 494 285 556 58
751 497 929 546 EPILOGUS'

295 736 398 809 Hanc
412 734 619 808 uniuersam
634 736 678 808 de
694 733 830 807 formae
845 733 881 804 in
894 733 1005 805 -ndus
1019 733 1280 831 significatione
1293 747 1328 806 et
1343 759 1410 804 usu

246 851 524 949 comprehendet
560 865 595 924 et
629 851 792 923 ostendet
824 848 1096 947 antiquissimus
1124 850 1224 922 testis
1258 849 1411 921 uerbum

245 993 390 1066 sequor.
407 967 524 1039 Huius
539 967 635 1038 enim
648 980 683 1039 et
696 965 883 1063 participia
898 979 1148 1038 remanserunt
1162 965 1233 1037 duo
1239 1021 1247 1055 ,
1261 964 1411 1037 alterum

245 1083 403 1155 actiuum
434 1097 469 1155 et
489 1082 780 1180 antiquissimum
809 1081 1028 1176 (secundus),
1056 1080 1173 1187 magis
1202 1080 1413 1154 uttrt'butt‘ue

247 1198 460 1288 adhibitum,
482 1198 631 1271 alterum
651 1197 836 1295 passiuum
857 1222 898 1269 ac
911 1196 1091 1269 recentius
1113 1197 1357 1294 (sequendus),
1380 1212 1416 1270 et
1513 1198 1517 1209 '

247 1314 323 1386 eius
356 1338 443 1406 usus
476 1339 521 1386 ac
544 1312 759 1410 significatio
793 1338 883 1410 quas
912 1311 1008 1384 uices
1041 1325 1189 1408 experta
1216 1311 1262 1385 sit
1295 1312 1415 1385 Latini

247 1429 424 1501 sermonis
439 1429 625 1517 memoria,
651 1452 846 1526 carumque
865 1426 1086 1523 linguarum,
1115 1438 1266 1525 qyuae'ex
1289 1427 1415 1500 eadem

249 1545 360 1642 stirpe
375 1544 555 1642 originem
574 1544 722 1644 ducunt,
748 1543 943 1617 similitudo
970 1545 1057 1617 satis
1079 1544 1170 1616 bene
1189 1557 1351 1617 testatur.

297 1662 329 1732 N
332 1687 390 1733 am
407 1660 513 1733 huius
527 1659 629 1732 uerbi
644 1660 680 1729 in
693 1661 829 1732 Graeco
844 1664 1027 1733 sermone¹
1041 1686 1158 1758 genus
1172 1660 1307 1757 duplex
1322 1660 1410 1732 fuit:

249 1802 362 1850 unum
375 1776 532 1848 actiuum
545 1788 651 1874 atque
665 1775 846 1847 interdum
861 1769 1166 1848 transitiuum't'no
1179 1776 1275 1874 quod
1288 1790 1414 1875 quater

248 1895 292 1964 in‘
312 1893 460 1965 Homeri
482 1917 573 1990 quae
598 1891 759 1963 feruntur
788 1891 1009 1963 carminibus
1035 1892 1235 1982 occurrit²;
1262 1891 1415 1964 alterum

250 2008 408 2081 medium
424 2015 550 2104 ἕπομαι,
566 2007 662 2105 quod
678 2031 759 2079 cum
779 2006 900 2078 datiuo
916 2007 1145 2104 componitur
1167 2010 1298 2103 (ἕπομαί
1312 2009 1385 2100 τινι)
1403 2031 1411 2077 :

250 2124 344 2196 unde
362 2123 549 2221 participia
564 2123 635 2196 duo
651 2130 790 2213 {annet
804 2131 960 2219 ἑπόμενος.
972 2125 1011 2194 In
1023 2124 1150 2206 Latina
1165 2122 1290 2220 lingua
1301 2121 1413 2194 fuisse

250 2240 408 2313 actiuum
449 2240 583 2336 *aequo
627 2251 776 2310 testatur
807 2237 1012 2311 Priscianus
1026 2239 1052 2327 ³,
1089 2253 1124 2310 et
1160 2239 1279 2335 ipsum
1312 2237 1418 2335 sequi

251 2355 394 2452 passiue
411 2367 624 2451 usurpatum
644 2354 740 2450 apud
767 2353 999 2425 Cornificium
1019 2353 1045 2443 ⁶,
1063 2367 1098 2426 et
1116 2353 1327 2426 reflexiuum
1350 2376 1413 2424 sou

250 2469 409 2543 medium
427 2494 573 2567 sequor,
599 2468 696 2566 quod
714 2468 817 2541 initio
837 2493 909 2541 non
933 2469 1050 2566 magis
1069 2469 1299 2541 transitiuum
1320 2468 1415 2540 fuit5

251 2610 359 2683 quam
380 2592 523 2680 ἑπόμενος
542 2611 549 2656 :
572 2584 668 2655 unde
688 2582 876 2680 participia
894 2583 1147 2682 duosequenS,
1172 2597 1205 2656 et
1225 2583 1412 2672 secundus,

250 2701 390 2797 graecis
420 2707 499 2770 ἕπων
521 2713 556 2771 et
583 2706 728 2794 ἑπόμενος
755 2698 1017 2794 significatione
1044 2698 1311 2796 respondentia.
1346 2699 1416 2770 Sed

250 2841 333 2887 curn
350 2840 391 2887 ea
409 2813 454 2886 sit
473 2814 578 2885 huius
600 2814 699 2885 uocis
723 2813 938 2910 significatio
965 2827 1093 2886 utnon
1113 2813 1262 2887 multum
1280 2816 1414 2912 formo

251 2929 449 3003 trunsitt'ua
468 2955 491 3001 a
511 2927 696 3027 refleoet'ua
713 2954 775 3000 seu
794 2928 911 3000 medio
933 2928 1086 3020 differat,
1114 2930 1159 3002 ad
1178 2955 1284 3001 usum
1305 2930 1414 3002 altera

251 3045 401 3118 alterum
416 3044 595 3116 adhibitae
612 3059 708 3116 sunt.
726 3046 849 3143 Itaque
862 3044 1023 3116 diuersas
1038 3059 1253 3144 acceperunt
1263 3070 1415 3142 sequens

252 3175 285 3233 et
317 3160 490 3232 secundus
517 3159 747 3257 prouincias:
785 3185 936 3257 sequens
968 3161 1197 3258 participium
1227 3161 1412 3250 remansit,

250 3275 424 3348 secundus
444 3291 563 3348 autem
588 3274 791 3348 udt'ectt'ue⁶
809 3275 967 3349 maxime
987 3291 1048 3350 aut
1067 3275 1289 3350 substantiae
1309 3302 1415 3348 usur-

252 3405 376 3488 patum
396 3404 462 3463 est.

301 3507 428 3579 Postea
447 3532 533 3579 uero
553 3532 635 3579 cum
651 3533 785 3605 sequor
811 3534 830 3580 e
853 3533 925 3581 non
946 3508 1147 3598 transitiuo,
1170 3507 1279 3580 uerba
1300 3519 1415 3581 motus

181 3639 183 3643 '
252 3639 292 3696 ut
305 3636 389 3721 peto
409 3622 566 3711 imitans,
587 3623 815 3695 transitiuum
832 3623 966 3696 factum
985 3637 1091 3713 esset,
1109 3649 1244 3696 nouum
1264 3624 1414 3696 accessit

252 3738 494 3837 participium,
519 3737 705 3834 passiuum
724 3737 812 3811 illud
831 3738 989 3836 quidem,
1011 3739 1224 3836 sequendus.

284 4037 307 4086 1.
325 4035 469 4085 Inuenitur
482 4033 555 4082 enim
573 4034 602 4082 in
620 4033 706 4083 ueteri
719 4033 852 4083 Indorum
869 4048 1005 4096 sermone,
1018 4037 1049 4085 ut
1059 4035 1189 4087 admonet
1204 4037 1337 4095 Linustr,
1357 4038 1416 4088 The

253 4112 329 4163 latin
341 4109 511 4173 Lanquape
529 4124 557 4172 p.
578 4109 632 4160 520.
648 4110 655 4171 1
671 4109 703 4158 0.
721 4109 781 4159 Ind.
796 4109 891 4160 secate
907 4110 923 4160 3
941 4124 992 4174 sg;
1009 4111 1047 4173 gli
1060 4111 1165 4175 ἕπεται).

282 4192 308 4241 2.
334 4191 363 4241 Z.
392 4190 435 4241 321
460 4185 557 4255 (τεύχεα
582 4188 681 4252 ἕπων);
705 4188 739 4238 Ο.
768 4190 833 4250 555;
863 4190 897 4240 Κ.
928 4191 974 4240 516
990 4205 997 4248 ;
1030 4209 1055 4254 μ.
1082 4193 1137 4243 209.
1159 4191 1416 4253 (31.1111111111111111,

257 4265 447 4318 Worterbuch
462 4278 499 4315 zu
516 4266 574 4314 den
586 4263 676 4314 Hom.
696 4263 870 4316 Godichten.

283 4348 308 4396 3.
333 4347 412 4403 Ram,
427 4343 622 4396 Grammaticz'
638 4343 727 4396 latini
743 4355 773 4401 11,
789 4345 880 4396 Prisc.
899 4344 972 4397 inst.
989 4346 1094 4408 111119,
1111 4361 1140 4410 p.
1160 4347 1258 4399 391111.

282 4427 308 4478 t.
324 4428 455 4475 Rinnaun
468 4436 502 4473 nr
519 4424 658 4480 Gonnum,
673 4423 808 4475 Gramm.
830 4437 927 4486 comp.
943 4437 972 4483 u,
986 4429 998 4484 5
1014 4425 1098 4476 tto-3⁰
1108 4438 1150 4477 111.

282 4509 308 4557 5.
330 4503 435 4566 Bonan.
462 4504 550 4554 Esset
572 4503 608 4552 de
629 4504 825 4566 semantique,
847 4517 876 4567 p.
898 4505 953 4554 217.
982 4504 1129 4569 «Sequor
1157 4506 1294 4569 signifiait
1312 4506 1418 4558 littera-

252 4582 357 4631 lement
369 4582 399 4641 je
414 4579 560 4629 m’attache
574 4595 585 4624 »
603 4594 609 4637 ;
623 4578 643 4627 il
659 4578 829 4641 correspond
841 4593 878 4628 au
888 4592 954 4642 grec
968 4580 1060 4644 ἕπομαι
1076 4582 1122 4643 qui
1137 4581 1224 4645 prend
1241 4582 1322 4644 apres
1336 4583 1375 4633 lui
1392 4584 1417 4634 le

254 4657 335 4707 datii.
356 4656 427 4705 Mais
440 4668 475 4704 on
487 4669 503 4704 a
516 4653 557 4704 dit
568 4653 652 4717 sequi
669 4653 757 4716 feras,
770 4655 855 4717 sequi
867 4655 1026 4705 uirtutem.

283 4739 308 4787 6.
334 4734 490 4787 «Secundo
504 4733 602 4783 defluit
618 4733 691 4782 amni
704 4750 716 4779 »
735 4734 819 4796 Verg.
838 4733 872 4784 G.
890 4735 987 4794 3.-ttt;
1004 4735 1042 4784 ct.
1064 4734 1137 4785 AEn.
1158 4736 1243 4799 men
1262 4737 1419 4789 «secundis

253 4811 345 4863 uentis
360 4828 372 4858 1
387 4811 445 4863 Cic.
460 4809 565 4861 Plane.
585 4809 633 4871 393
651 4808 762 4858 «Mein
778 4810 835 4859 tuis
848 4810 979 4860 secundis
996 4810 1131 4874 respice»
1152 4812 1214 4860 Ter.
1230 4812 1310 4863 And.
1327 4814 1384 4864 975.
