3330 5574
337 459 373 517 18
626 470 670 513 33
696 443 884 516 onnunnivr
908 469 943 514 vr
968 468 1209 532 3333313333

372 692 495 752 Donum
510 713 547 752 ne
562 692 714 773 capiunto,
735 714 811 753 neue
837 693 940 767 danto,
967 713 1043 752 neue
1064 691 1219 774 petendu,
1242 712 1319 751 neue
1338 689 1498 770 gerendo,

333 809 409 848 neue
421 798 512 869 peste
528 801 681 872 potestate.
698 791 772 868 (Cic.
790 791 867 871 Lep.
884 812 929 851 111.
948 791 996 862 [pr
1007 793 1047 868 r.)

371 886 484 947 Partis
498 887 675 962 honoribus,
698 888 819 949 eosdem
841 889 870 948 in
895 888 960 948 foro
982 888 1063 970 gessi
1087 887 1217 964 laboreS,
1238 908 1314 968 quos
1333 885 1496 968 petendis

331 983 405 1057 (Cic.
423 985 510 1046 Phil.
528 986 693 1066 vr.6.17,)
1171 996 1174 1008 ’

369 1084 407 1143 Et
428 1105 465 1143 ne
484 1083 664 1144 criminibus
690 1094 743 1144 aut
769 1083 956 1164 inferendis
978 1084 1152 1159 delectetur,
1168 1093 1221 1143 aut
1242 1083 1344 1143 credat
1365 1080 1496 1143 oblatis.

331 1180 407 1261 (Cio.
424 1183 471 1242 De
486 1181 591 1242 Amic.
614 1182 726 1260 reta.)

369 1279 436 1338 Non
464 1290 527 1338 erat
555 1280 656 1339 minor
685 1280 780 1358 (laus)
806 1301 843 1340 ex
869 1279 1105 1341 contemnenda
1133 1300 1225 1362 quam
1252 1300 1288 1339 ex
1307 1285 1501 1339 conseruata

329 1376 498 1457 prouincia.
516 1376 595 1456 (Cicss
610 1377 665 1438 Dd
677 1378 769 1438 Fam.
788 1399 819 1438 n.
848 1379 941 1455 123.)

367 1474 451 1550 Quae
464 1484 534 1534 ante
548 1475 713 1536 conditam
729 1474 972 1536 condendamue
988 1475 1095 1535 urbem
1113 1522 1133 1538 ..
1160 1475 1362 1536 traduntur...
1377 1473 1455 1553 (Liv.
1474 1494 1496 1534 1.

329 1569 446 1650 Praef.
467 1572 509 1641 6.)
1214 1577 1216 1583 ’

368 1670 474 1728 Fessos
487 1669 635 1733 milites...
649 1670 761 1752 quippe
776 1669 865 1751 qui...
884 1670 1046 1751 cupienda
1061 1670 1136 1730 urbe
1150 1680 1271 1730 tantum
1286 1669 1400 1737 laboris
1423 1667 1501 1750 peri-

328 1766 448 1847 culique
461 1767 608 1851 adissent,
625 1779 653 1828 et
669 1777 766 1850 capta
781 1790 852 1828 cum
866 1769 903 1828 iis
924 1769 975 1848 qui
999 1769 1031 1829 in
1046 1790 1146 1829 arcem
1161 1767 1374 1851 confugerant,
1392 1767 1498 1846 iniquo

328 1864 419 1931 etiam
436 1865 498 1924 loco
513 1877 712 1947 pugnassent,
728 1888 834 1927 curare
849 1888 973 1948 corpora
990 1866 1088 1927 iussit.
1107 1866 1185 1945 (Liv.
1205 1888 1287 1926 xxvr.
1305 1865 1401 1939 1383.)

369 1964 436 2040 Quo
457 1974 579 2023 senatus
595 1964 732 2023 consulto
754 1965 904 2040 recitate,
920 1985 990 2024 cum
1005 1964 1149 2024 continuo
1168 1985 1251 2024 more
1266 1962 1322 2023 hoe
1337 1962 1454 2023 insulso
1473 1972 1502 2024 et

329 2080 419 2130 nouo,
435 2059 577 2142 plausum
593 2082 659 2120 meo
672 2062 795 2122 nomine
809 2060 979 2123 recitando
994 2061 1157 2123 dedissent.
1174 2061 1251 2140 (Cio.
1265 2064 1334 2123 Att.
1353 2082 1392 2121 iv.
1414 2059 1495 2139 rb).

370 2158 542 2218 Seruahant
559 2159 695 2240 auspicia
714 2176 823 2242 reges}
847 2181 924 2240 quae
951 2159 999 2218 hic
1027 2160 1133 2219 consul
1159 2179 1322 2241 augurque
1349 2157 1497 2240 neglexit,

330 2276 428 2336 neque
444 2256 542 2315 solum
558 2257 678 2338 legibus
690 2269 794 2317 eontra
809 2257 944 2340 auspicia
949 2257 1121 2337 facondia,
1138 2257 1190 2317 sed
1205 2257 1296 2317 etiam
1308 2256 1423 2337 collega
1439 2275 1501 2314 uno

323 2353 460 2433 serente
475 2375 519 2427 eo,
537 2375 628 2435 quem
656 2355 719 2436 ipse
744 2355 895 2415 ementitis
923 2355 1068 2437 auspiciis
1093 2354 1239 2416 uitiosum
1271 2353 1392 2415 fecerat.
1422 2352 1498 2432 (Cic.

329 2449 422 2511 Phil.
440 2473 486 2511 111.
508 2453 527 2521 [r
549 2457 593 2531 9.)

372 2549 558 2608 Conuiuium
587 2548 774 2621 celebrabat,
798 2550 875 2610 nihil
901 2557 1061 2622 metuens,
1085 2570 1125 2609 an
1153 2548 1392 2610 dissimulando
1418 2556 1502 2607 metu

330 2663 401 2701 cum
416 2642 546 2723 ingressi
569 2642 717 2704 milites...
735 2643 850 2705 dixere.
870 2645 954 2723 (Tac.
972 2644 1062 2706 Anu.
1082 2665 1132 2704 xv.
1151 2643 1220 2723 69.)

380 2803 480 2893 Quae
500 2804 664 2900 exempla
685 2818 720 2875 et
744 2805 846 2901 plura
864 2804 919 2876 his
942 2803 1159 2901 proponenti
1187 2804 1343 2892 Dosson,
1366 2802 1500 2874 hebre-

331 2930 393 2989 ton
409 2918 420 2958 '¹
445 2943 526 2989 cum
549 2917 631 3006 alia,
662 2932 739 2991 tum
769 2919 836 2991 hoc
863 2919 991 3008 obicit,
1022 2920 1118 3018 quod
1147 2919 1356 2990 uniuersum
1384 2917 1501 2989 Latini

331 3034 508 3105 sermonis
528 3059 633 3104 usum
658 3059 728 3106 non
750 3035 867 3130 magis
888 3048 1176 3132 repraesentant,
1199 3061 1307 3133 quam
1328 3035 1396 3106 alia
1417 3033 1501 3104 alibi

332 3149 377 3220 ab
416 3148 541 3220 eodem
582 3149 778 3246 proposita,
815 3151 1012 3247 inquibus
1043 3150 1129 3248 quid
1162 3141 1322 3222 futurum
1353 3149 1410 3239 sit,
1440 3162 1501 3220 aut

333 3264 419 3362 quid
456 3266 695 3361 propositum,
725 3266 937 3338 declaratur.
962 3266 1032 3338 Sed
1066 3292 1132 3337 nos
1160 3266 1317 3338 hicnon
1344 3267 1387 3339 de
1421 3290 1501 3362 per-

334 3393 442 3476 petuo
464 3406 529 3451 333
550 3380 705 3476 agimus,
733 3405 815 3452 cum
836 3407 922 3477 usus
941 3407 1048 3479 saepe
1077 3381 1309 3453 diuturnitate
1329 3379 1500 3477 temporis

334 3509 505 3585 mutetur,
532 3495 593 3566 sed
614 3496 658 3567 de
678 3496 943 3593 antiquissimu,
965 3497 1027 3594 qui
1054 3510 1232 3595 quatenus
1247 3495 1497 3593 permanserit,

333 3609 421 3680 haec
443 3610 609 3706 exempla
634 3612 842 3702 ostendunt,
865 3612 980 3709 qualis
1000 3613 1127 3710 priscis
1146 3612 1369 3709 temporibus
1383 3609 1500 3699 luerit,

334 3725 402 3797 alia
421 3725 593 3814 indicant,
620 3753 711 3824 quae
740 3752 848 3818 nune,
877 3729 923 3800 ad
950 3742 1058 3800 testes
1085 3753 1287 3824 prouocans
1313 3726 1431 3823 magis
1459 3750 1500 3796 ac

334 3840 451 3936 magis
473 3867 618 3936 graues,
640 3868 854 3939 proponam.

383 3966 534 4036 Exstant
552 3966 660 4056 enim,
678 3968 716 4036 in
741 3967 860 4038 libello
882 3969 933 4037 Μ.
955 3967 1057 4038 Porci
1084 3967 1230 4040 Catonis
1254 3965 1501 4065 1133931331-

334 4092 419 4152 turu
437 4104 585 4174 precum
600 4079 774 4153 formulae
790 4083 965 4180 quaedam
979 4083 1016 4152 in
1029 4083 1140 4154 sacris
1155 4083 1389 4155 adhibendae.

383 4203 481 4293 Quas
501 4204 767 4302 antiquissimas
784 4231 874 4296 esse,
893 4221 927 4278 et
945 4206 1012 4278 hoe
1027 4207 1195 4280 admonet
1208 4207 1308 4306 =quod
1327 4206 1371 4277 ad
1391 4205 1500 4278 caeri-

367 4541 389 4590 l.
411 4540 446 4590 L.
470 4540 490 4592 l.
514 4542 590 4606 [1621.
617 4544 687 4591 «En
710 4542 866 4592 admettant
886 4543 974 4594 meme
998 4559 1051 4608 333
1072 4549 1134 4595 tous
1158 4559 1203 4594 ces
1229 4543 1367 4607 exemples
1389 4543 1501 4595 fussent

334 4616 505 4672 enucleante
520 4621 592 4667 cette
608 4617 671 4668 liste
685 4632 718 4667 ne
737 4619 896 4681 prouverait
913 4621 942 4669 ni
955 4620 1017 4682 plus
1032 4621 1058 4669 ni
1073 4622 1163 4670 moins
1178 4634 1249 4684 pour
1266 4621 1371 4682 l'usage
1386 4621 1499 4682 general

334 4692 367 4741 de
383 4693 409 4740 13
423 4693 523 4753 tangue
536 4692 631 4752 latine,
645 4708 696 4757 333
712 4693 752 4742 133
762 4695 903 4757 exemples
917 4699 993 4745 aussi
1005 4695 1154 4746 nombreux
1168 4697 1238 4746 cites
1256 4711 1282 4759 p.
1297 4696 1376 4752 76-79,
1390 4703 1418 4746 et
1430 4697 1500 4746 dans

334 4767 752 4830 133333131331333133-31133
768 4769 824 4818 313
843 4781 907 4821 sens
926 4770 1002 4819 futur
1019 4784 1054 4821 ou
1070 4771 1264 4822 intentionnel.
1285 4788 1296 4817 3
