3330 5574
304 551 344 610 36
587 553 633 598 nn
657 552 846 602 aunuumm
873 552 939 599 usu
966 551 1180 599 nncunmonn

303 783 471 861 admonet
487 779 687 852 subiectum
698 780 855 876 (fructu)
868 779 1050 875 passiuam
1061 777 1276 874 gerundiuio
1290 778 1476 876 signifiea-

302 898 456 984 tionem3
478 909 514 967 at
533 895 567 965 in
588 894 647 965 illa
667 894 815 966 Catonis
831 894 1007 966 sententia
1028 918 1122 964 esse:
1144 894 1347 993 «Ferundo
1362 895 1476 966 arbor

297 1011 478 1111 peribit»,
496 1008 751 1107 sumserundo
765 1007 966 1080 subiectum
983 1033 1054 1079 non
1066 1006 1208 1097 habeat,
1226 1007 1428 1081 subiectum
1444 1010 1476 1081 ei

304 1126 530 1223 fingimusex
542 1124 717 1196 sermonis
729 1123 989 1195 consuetudine
1009 1122 1487 1220 aetiuum,etquoddicitur,

303 1239 589 1341 impersonaliter
603 1253 709 1337 atque
724 1238 868 1335 passiue
879 1236 1057 1336 (ferundo
1070 1281 1098 1298 =
1111 1236 1347 1335 dumsertur,
1358 1264 1477 1336 perce

303 1355 395 1453 qu'il
406 1383 430 1453 y
446 1381 469 1427 u
479 1354 712 1452 productiun,
724 1378 801 1451 pur
816 1353 932 1451 lesuit
947 1352 991 1424 dc
1002 1353 1038 1424 lu
1046 1351 1297 1450 productiora),
1314 1354 1349 1425 id
1361 1354 1477 1426 aetiue

304 1471 532 1568 accipientes,
555 1468 828 1565 subiectumque
850 1468 995 1566 aliquod
1021 1492 1065 1538 ex
1083 1467 1161 1563 ipsa
1181 1468 1356 1540 sententia
1376 1493 1478 1565 repe-

303 1599 432 1674 tentes,
462 1586 566 1683 quasi
599 1598 693 1656 esset
716 1583 850 1661 dictum
883 1583 1011 1673 urbor,
1045 1581 1130 1653 dum
1149 1584 1248 1680 sert,
1269 1583 1479 1680 peritietle

303 1699 392 1789 boia,
419 1725 461 1771 en
475 1711 644 1797 portent,
658 1698 804 1796 perire)
820 1697 1038 1794 gerundium
1054 1697 1239 1793 passiuum
1262 1711 1301 1770 ut
1317 1698 1478 1770 actiuum

304 1801 596 1912 interpretamur.
1094 1896 1096 1898 v

355 1931 409 2001 lta'
425 1929 625 2025 explicatur
645 1929 742 2025 quod
762 1928 899 2001 Tullius
926 1953 1008 2000 cum
1037 1953 1055 1997 u
1076 1927 1202 2000 edesse
1220 1928 1272 2000 ud
1288 1927 1476 2026 imperau-

304 2044 389 2117 dum
407 2073 426 2116 t)
457 2058 619 2117 ueterum
652 2069 760 2116 sensu
785 2041 947 2132 dixisset,
979 2043 1101 2115 statim
1128 2042 1265 2116 dietum
1291 2043 1473 2140 corrigit3

308 2186 326 2229 u
349 2161 453 2231 Nunc
472 2159 556 2231 ades
575 2158 628 2231 ud
642 2159 894 2255 imperandum
910 2158 967 2230 uel
983 2158 1247 2256 adpurcuclum
1263 2159 1404 2255 potius:
1428 2158 1479 2231 sio

307 2274 402 2345 enim
436 2273 572 2372 antiqui
610 2272 849 2371 loquebantur
881 2272 1000 2359 (Fam.
1034 2274 1150 2360 1x.25)
1172 2301 1206 2345 t).
1243 2273 1348 2365 Quod
1380 2273 1478 2346 enim

307 2387 445 2486 antiqui
469 2388 522 2460 ud
544 2388 795 2485 imperandum
825 2388 991 2460 dicebant
1015 2387 1315 2485 impersonaliter,
1339 2388 1479 2461 Tullius

308 2503 378 2576 dici
405 2503 544 2575 mauult
573 2504 625 2575 ud
648 2502 869 2601 parendum,
899 2517 934 2574 et
960 2503 1005 2574 ad
1036 2502 1238 2575 subiectum
1266 2503 1366 2576 uerbi
1392 2496 1479 2577 odes

308 2618 446 2708 referri,
473 2618 575 2715 quasi
602 2618 638 2690 id
657 2603 770 2689 etiam*
794 2619 970 2690 actionem
998 2644 1018 2689 a
1049 2618 1239 2716 participio
1268 2644 1478 2715 expressam

307 2733 451 2804 laceret.
466 2733 599 2804 Eadem
616 2732 797 2822 inductus,
810 2746 849 2805 ut
859 2733 1046 2822 itadioam,
1060 2733 1242 2830 cogitandi
1252 2735 1478 2824 necessitate,

308 2847 457 2918 Seruius
485 2847 623 2944 Vergili
650 2873 763 2919 unum
791 2848 957 2945 idemque
994 2873 1013 2917 «
1033 2848 1215 2920 contundo
1231 2877 1250 2921 n
1288 2848 1479 2946 dupliciter

266 2975 268 2978 ’
307 2962 449 3059 accipit,
473 2976 508 3033 et
530 2987 549 3032 u
565 2962 754 3034 Cantando
773 2977 812 3034 tu
839 2961 974 3033 illum»
998 2987 1048 3034 se.
1083 2963 1200 3035 uicisti
1227 2964 1330 3060 (Buc.
1360 2965 1478 3055 325),

307 3077 422 3149 aetiue
439 3077 508 3149 dici
525 3079 614 3168 uult,
632 3103 715 3149 oum
738 3103 756 3146 u
776 3078 969 3150 Contendo
985 3078 1165 3175 rumpitur
1181 3079 1309 3176 anguis
1325 3108 1344 3152 »
1367 3081 1473 3176 (Buc.

308 3193 368 3288 8.7
396 3197 420 3285 ),
443 3194 586 3289 passiue
606 3193 740 3265 dictum
760 3194 963 3266 contendat.

356 3326 396 3397 C.
418 3370 459 3380 —
480 3325 571 3398 lllud
593 3327 746 3425 denique
766 3327 922 3399 ostendit
947 3327 1125 3422 gerundio
1151 3328 1335 3424 passiuam
1362 3329 1480 3402 inesse

306 3440 620 3536 significationem,
641 3442 704 3514 sed
730 3456 950 3514 attenuatam
976 3442 1074 3512 illam
1098 3457 1205 3540 atque
1233 3444 1476 3536 obscuratam,

306 3555 403 3652 quod
426 3555 606 3627 obiectum
631 3557 836 3629 accusatiuo
852 3581 937 3628 casu
957 3557 1129 3653 positum,
1147 3572 1186 3630 ut
1202 3558 1410 3656 aliquande,
1428 3558 1477 3631 ita

306 3670 489 3741 rarissime
509 3670 628 3743 habet.

357 3785 434 3856 Hoc
467 3785 543 3857 fieri
580 3787 739 3883 potuisse
772 3802 811 3859 ut
841 3786 956 3858 forma
986 3787 1143 3883 primum
1175 3788 1320 3884 passiua
1353 3803 1477 3885 postea

305 3899 420 3970 actiue
440 3925 481 3970 ae
501 3901 689 3973 transitiue
709 3887 951 3991 adhiberetur,
978 3902 1109 3973 nostris
1129 3918 1223 3975 certe
1254 3903 1377 3976 mirari
1404 3930 1477 3976 non

306 4014 399 4086 lieet.
427 4015 518 4087 Nam
539 4016 656 4088 simile
678 4016 813 4114 aliquid
842 4017 877 4086 in
909 4030 1032 4089 nostro
1061 4042 1227 4090 sermone
1251 4018 1383 4090 lactum
1404 4033 1479 4092 tes-

306 4141 428 4201 tantur
444 4130 622 4202 notissimi
639 4156 764 4203 uersus
788 4158 795 4202 :

625 4263 806 4344 Mignoune,
825 4263 923 4323 allons
939 4262 1005 4322 voit
1019 4262 1045 4323 si
1063 4264 1184 4339 lerose,

627 4359 686 4437 Qui
703 4380 735 4419 ce
750 4360 847 4419 matin
863 4360 944 4420 avait
959 4359 1099 4422 deselose

626 4457 666 4516 Sa
682 4456 754 4516 robe
770 4457 807 4517 de
822 4478 953 4538 pourpre
968 4478 1008 4517 au
1022 4458 1117 4531 soleil,

624 4555 651 4612 A
673 4555 756 4634 point
768 4553 886 4634 perdu,
904 4567 981 4615 ceste
999 4560 1132 4637 vespree,

624 4651 680 4710 Les
697 4650 754 4730 plis
769 4651 806 4710 de
822 4672 855 4710 sa
870 4651 942 4711 robe
957 4657 1106 4734 pourpree

622 4747 660 4808 Et
674 4768 729 4812 son
745 4748 819 4809 teint
833 4770 873 4809 au
888 4758 986 4808 vostre
1001 4749 1108 4830 pareil.

730 4846 740 4856 ‘
922 4847 1092 4924 (Romano,
1114 4846 1207 4924 oues,
1226 4847 1315 4927 μη).
