3330 5574
296 525 335 584 22
588 533 632 577 DE
659 530 847 580 GERUNDIVI
872 531 907 577 vl
931 531 1168 594 ANTIQUISSIMA
1192 565 1194 570 -

297 760 435 849 sumt,
471 760 597 831 eodem
630 759 707 830 iure
743 758 943 835 habeantur
974 785 1128 857 aequum
1163 773 1217 833 est
1253 759 1460 850 conditum,

297 874 494 966 inuentum,
516 874 724 964 adductum,
746 875 918 964 consulto,
938 877 1061 974 sueto.
1088 877 1135 947 At
1160 876 1247 948 haec
1275 876 1336 974 qui
1364 876 1465 948 aiunt

292 989 492 1088 purtici'piu
499 986 700 1088 praeteriti
707 1015 798 1079 esse,
811 989 873 1088 qui
887 991 972 1063 frtut
982 991 1040 1061 illa
1052 991 1255 1088 proesentis
1263 990 1464 1093 participio

295 1131 373 1179 esse
399 1106 560 1202 negent?
584 1106 689 1198 Quod
715 1106 760 1178 ad
771 1105 1011 1205 participium
1032 1107 1184 1204 pertinet
1202 1108 1326 1180 eadem
1354 1132 1461 1178 causa

297 1237 364 1312 est,
387 1222 456 1294 nisi
477 1222 573 1319 quod
598 1221 685 1294 haec
709 1221 901 1318 perfectam
920 1222 1112 1313 actionem,
1134 1222 1193 1293 ilfa
1218 1222 1462 1320 imperfectam

296 1351 502 1410 connotant.
532 1337 669 1435 ltaque,
696 1351 757 1410 aut
779 1337 943 1410 desinant
961 1341 1069 1436 sacto
1097 1338 1325 1436 participium
1347 1364 1464 1435 prue-

297 1453 398 1526 teriti
414 1453 544 1542 dicere,
562 1452 845 1551 autfuciendum
862 1454 1091 1550 participium
1104 1453 1312 1552 proesentis
1328 1454 1460 1525 dicant.

297 1569 374 1666 Ego
389 1570 534 1667 quidem
555 1568 698 1641 mallem
713 1569 901 1666 participia
917 1569 1053 1659 infecti,
1076 1583 1109 1641 et
1123 1569 1271 1666 perfecti
1290 1569 1459 1641 dicerent.

346 1703 383 1795 1)
408 1702 480 1775 Sed
500 1728 520 1774 a
545 1702 773 1799 quibusdam,
793 1715 832 1774 ut
852 1704 1062 1774 ostendatur
1081 1702 1323 1799 gerundiuum
1351 1702 1464 1800 parti-

297 1817 429 1915 cipium
450 1843 523 1890 non
538 1842 620 1889 esse
631 1817 849 1916 proesentis,
867 1843 937 1889 non
962 1830 1101 1889 tantum
1128 1819 1173 1890 ad
1192 1843 1338 1889 sensum
1352 1817 1463 1889 'uerbi

296 1948 524 2032 prouocatur,
556 1934 619 2006 sed
652 1933 759 2006 etiam
797 1934 842 2006 ad
877 1933 1042 2005 formam.
1078 1932 1329 2005 Weisweitert
1366 1933 1461 2004 enim

297 2050 431 2122 formas
449 2050 486 2120 in
507 2049 638 2122 -endus
665 2049 866 2122 desinentes
885 2049 1010 2122 tertiae
1034 2063 1095 2121 ant
1129 2063 1276 2146 quartae
1308 2048 1464 2121 deelina-

296 2165 418 2256 tioniS,
437 2178 475 2238 ut
486 2164 670 2264 lupentius²
687 2163 900 2256 audiendus>
918 2165 961 2237 ad
978 2165 1126 2262 stirpem
1141 2164 1252 2237 futuri
1269 2165 1463 2262 (lepentur)

299 2281 419 2370 refert,
432 2280 577 2371 formaS,
586 2305 678 2378 quae
688 2280 877 2369 in-undus,
889 2281 1035 2370 -unduS,
1051 2296 1112 2353 aut
1123 2281 1299 2353 secundae
1308 2279 1464 2352 declina-

296 2396 403 2468 tionis
423 2396 460 2466 in
479 2395 611 2467 -endus
630 2396 775 2486 cadunt,
797 2396 841 2468 ad
861 2396 1060 2492 praesentis
1086 2397 1241 2469 radicem
1260 2395 1460 2493 (loquutur,

297 2515 523 2602 mouentur):
548 2512 609 2584 sed
638 2511 749 2583 futuri
777 2511 960 2583 notionem
987 2513 1032 2583 ad
1052 2511 1115 2582 has
1138 2512 1244 2583 etiarn
1264 2512 1308 2583 ab
1328 2511 1398 2583 illis
1417 2512 1462 2582 ab

297 2626 548 2724 antiquissima
567 2640 681 2698 aetate
699 2625 883 2698 transisse.

346 2761 457 2850 Haec,
485 2760 551 2832 etsi
578 2758 801 2856 sagacissimi
833 2759 901 2830 uiri
927 2773 1022 2847 sunt,
1050 2773 1269 2831 nontamen
1297 2759 1463 2832 uidentur

297 2876 483 2948 ueritatem
525 2874 670 2946 referre.
710 2875 802 2945 Nam
842 2888 965 2946 contra
1002 2874 1087 2947 facit
1122 2875 1178 2947 uel
1219 2902 1330 2946 unum
1366 2876 1462 2973 quod

297 2991 471 3064 habemus
487 2990 622 3063 formae
637 2991 673 3060 in
692 2989 823 3088 -endus
838 2990 963 3061 tertiae
978 2990 1226 3062 declinationis
1241 2991 1460 3088 exemplum,

298 3106 493 3180 uoluendus
529 3106 634 3179 dico:
669 3106 706 3179 id
737 3106 834 3195 enirn
866 3130 1035 3201 praesens
1070 3119 1226 3203 tempus,
1263 3121 1356 3179 certe
1390 3131 1462 3178 non

297 3222 457 3295 futurum
492 3222 671 3318 designat,
711 3247 776 3292 nec
813 3221 907 3292 enim
944 3221 1040 3293 aliud
1073 3236 1127 3293 est
1155 3221 1331 3294 uoluendo
1362 3225 1488 3293 uetus

296 3339 416 3435 (Lucr.
455 3365 479 3409 v
512 3339 615 3434 1274)
648 3363 755 3435 quam
789 3351 886 3408 aetas
919 3363 1010 3435 quae
1043 3336 1220 3425 uoluitur,
1261 3363 1334 3410 non
1371 3363 1461 3436 quae

298 3455 475 3526 uoluatur.
522 3459 523 3462 ’

347 3587 419 3660 Sed
442 3587 487 3658 ab
511 3586 614 3658 initio
641 3586 750 3658 fuisse
775 3587 908 3661 formas
937 3589 1064 3660 alteras
1086 3588 1122 3658 in
1147 3588 1278 3660 -endus
1298 3588 1463 3660 cadentes

298 3703 426 3776 alteras
455 3703 491 3772 iu
523 3702 673 3791 -unduS,
711 3703 773 3801 qui
805 3704 1000 3801 probatur?
1039 3704 1133 3775 Sane
1168 3705 1312 3801 quidem
1343 3703 1413 3774 iam
1443 3729 1463 3774 a

298 3819 473 3890 Plautinis
504 3818 727 3916 temporibus
756 3833 907 3916 utraque
931 3818 1045 3891 forma
1072 3819 1362 3916 deprehenditur.
1393 3821 1463 3892 Sed

299 3935 366 4007 hoc
385 3934 535 4005 maximi
554 3948 607 4006 est
622 3935 795 4006 momenti
814 3936 909 4033 quod
926 3935 963 4029 in
979 3934 1194 4032 quibusdam
1211 3935 1329 4007 uerbis
1348 3935 1463 4006 forma

299 4050 335 4120 in
350 4049 481 4122 -endus
493 4049 630 4138 exienS,
642 4049 750 4121 altera
765 4050 923 4138 exclusa,
942 4049 1017 4120 sola
1033 4050 1216 4121 retinetur.
1232 4052 1461 4145 Haeeautem

335 4382 357 4432 1.
379 4381 425 4434 Os:
440 4383 600 4445 Lnunn‘rou,
614 4399 641 4437 o.
662 4401 687 4437 c.
706 4388 734 4437 18
749 4387 824 4451 [162]‚
837 4401 867 4436 n.
887 4388 910 4446 2,
927 4389 1056 4449 superius
1072 4387 1203 4451 positum,
1219 4403 1249 4452 p.
1273 4389 1309 4450 19,
1323 4402 1352 4439 n.
1375 4392 1398 4440 1.

331 4464 357 4511 2.
376 4464 577 4521 Wnrswnrnnss,
594 4479 619 4515 o.
633 4467 653 4518 t.
673 4481 702 4530 p.
726 4468 762 4517 18.
777 4487 788 4511 «
808 4466 877 4517 Hier
894 4467 933 4516 sei
953 4467 1091 4530 vorla'nflg
1107 4482 1158 4517 nur
1176 4469 1244 4518 kurz
1256 4469 1357 4519 danaus
1369 4470 1465 4533 hinge-

301 4539 415 4596 wiesen,
436 4539 501 4588 dass
519 4541 563 4590 die
580 4541 773 4604 gewohnliche
791 4542 899 4593 Gestalt
913 4556 1029 4592 unserer
1046 4544 1278 4607 Partizipialsorm
1297 4544 1341 4594 bei
1356 4546 1464 4596 Verben

302 4614 350 4664 der
363 4628 425 4679 sog.
441 4615 543 4666 dritten
556 4618 613 4667 und
625 4619 730 4667 vierten
744 4619 938 4682 Konjugation
952 4619 1000 4667 auf
1011 4619 1118 4669 -errdus
1129 4621 1292 4681 genentiber
1302 4621 1349 4670 der
1360 4622 1463 4671 andern

301 4691 349 4740 aus
367 4691 479 4741 -undus
497 4692 525 4741 iu
543 4693 591 4742 der
609 4694 679 4742 That
696 4694 745 4743 das
767 4694 887 4757 Partizip
906 4695 954 4743 des
972 4696 1072 4743 Futurs
1093 4695 1141 4743 aus
1157 4708 1224 4752 -am,
1241 4699 1301 4746 eut
1321 4697 1347 4745 in
1366 4698 1467 4746 Passiv

302 4780 336 4815 zu
353 4765 413 4815 sein
429 4767 546 4824 scheint,
567 4769 620 4817 wie
639 4770 710 4818 auch
728 4769 773 4819 die
796 4768 971 4819 zahlreichen
992 4768 1236 4820 Verbaladiectiva
1252 4771 1301 4819 aus
1324 4770 1466 4833 -burrdtm,

302 4842 362 4891 sich
378 4841 420 4892 313
434 4844 602 4908 Partizipien
618 4858 681 4894 vom
697 4845 818 4896 stamme
835 4844 881 4897 -bo
899 4845 935 4901 im
953 4845 1053 4895 Passiv
1068 4844 1229 4895 darstelteu.
