3330 5574
562 483 607 527 DE
632 481 819 530 GERUNDIVI
843 481 972 528 duddan
1336 476 1356 535 9

108 774 113 782 ,
185 703 320 777 formae
349 704 486 778 actiuae
517 719 552 778 et
581 704 719 777 mediae
747 730 819 777 non
847 718 987 777 tantum
1009 705 1046 775 in
1066 705 1177 777 uerbo
1206 706 1351 804 proprie

186 819 279 891 dicto
295 820 491 911 inuenitur,
509 821 570 894 sed
587 808 632 892 ad
647 820 875 918 participium
891 821 997 892 etiam
1015 821 1236 894 extenditur:
1255 822 1352 919 quod

186 947 239 1005 est
258 935 303 1006 ad
322 945 402 1032 φέρω
423 947 568 1032 φέρομαι,
589 937 657 1008 hec
680 935 799 1008 estad
821 946 918 1032 φέρων
942 943 1117 1032 φερόμενος.
1143 936 1243 1028 Quae
1270 961 1351 1007 cum

185 1049 233 1120 ita
260 1049 344 1139 sint,
375 1050 500 1147 quidni
520 1064 554 1122 et
580 1050 617 1121 in
640 1049 828 1147 participio
846 1050 971 1122 Latino
992 1050 1087 1122 idern
1114 1065 1291 1141 seruetur,
1316 1065 1355 1122 ut

186 1165 342 1262 quaesit
364 1165 455 1237 ratio
479 1165 580 1237 uerbi
595 1166 724 1238 uoluor
750 1166 795 1237 ad
814 1165 932 1254 uoluo,
955 1166 1080 1237 eadem
1107 1165 1153 1237 sit
1174 1166 1353 1263 participii

188 1279 383 1351 molliendas
421 1281 466 1352 ad
497 1281 665 1352 uoluens‘l
684 1280 762 1351 Hoc
794 1294 828 1353 et
859 1295 1006 1376 propter
1030 1281 1177 1353 Latinae
1210 1282 1355 1378 linguae

186 1418 269 1465 cum
288 1394 358 1466 illis
376 1395 671 1467 communitatem
690 1395 780 1467 ratio
801 1396 940 1486 suadet,
965 1408 1000 1467 et
1020 1408 1059 1467 ut
1078 1396 1150 1466 iam
1168 1398 1354 1469 ostendam

78 1537 86 1548 ·
188 1509 387 1605 priscorum
407 1511 539 1606 scripta
560 1495 748 1582 testantur.

235 1642 271 1734 2)
309 1642 401 1714 Sunt
428 1643 525 1714 enim
555 1642 592 1713 in
630 1642 756 1714 Latino
789 1638 1129 1715 sermone'lormae
1160 1645 1351 1741 quaedam,

187 1758 351 1855 equibus
371 1758 614 1855 gerundiuum
633 1757 735 1829 initio
756 1759 984 1856 participium
995 1758 1104 1830 luisse
1124 1759 1232 1831 medii
1251 1760 1353 1832 uerbi

187 1872 308 1969 colligi
344 1887 474 1969 potest.
511 1873 583 1945 Sed
617 1898 741 1944 earum
775 1874 818 1944 de
848 1898 954 1945 sensu
988 1887 1181 1971 antequam
1219 1875 1355 1946 dissero

188 1987 330 2060 uidetur
344 1988 468 2084 paucis
488 1989 531 2061 de
547 2013 698 2060 numero
715 1988 921 2059 dicendum.
940 1989 1030 2060 Nam
1047 1990 1108 2086 qui
1127 2015 1208 2061 eum
1226 2015 1355 2062 nume-

186 2127 280 2191 rum,
298 2103 388 2174 duce
403 2103 586 2193 D0ss0n1,
602 2102 688 2174 satis
705 2102 864 2199 amplum
882 2103 1081 2200 proferunt,
1103 2129 1176 2175 non
1192 2104 1278 2175 satis
1294 2119 1355 2176 aut

187 2216 266 2315 quis
282 2243 462 2315 quamque
482 2217 636 2288 formam
654 2217 807 2313 scriptor
822 2217 1004 2314 praebeat,
1026 2232 1087 2290 aut
1104 2244 1175 2315 quo
1193 2244 1356 2316 quaeque
1456 2311 1457 2314 Ἴ

188 2357 255 2404 usu
278 2331 503 2423 adhibeatur,
527 2331 769 2428 distinguunt.
792 2331 867 2402 Nos
889 2333 951 2430 qui
972 2333 1258 2430 antiquissimam
1280 2333 1354 2403 uim

186 2435 379 2543 gerundiui
397 2447 605 2544 quaerimus
625 2460 660 2546 et
674 2460 825 2518 aetatem
848 2447 954 2519 unius
974 2448 1146 2545 cuiusque
1166 2446 1302 2519 formae
1322 2461 1357 2519 et

188 2586 335 2632 sensum
358 2561 549 2658 diligenter
569 2561 750 2633 attendere
772 2561 956 2634 debemus.
986 2563 1078 2634 Nam
1105 2587 1187 2633 cum
1218 2587 1355 2658 gerun-

187 2675 312 2747 diuum
341 2677 472 2747 multas
502 2701 590 2747 aeuo
617 2675 844 2771 significandi
874 2677 1138 2749 uicissitudines
1167 2691 1354 2772 expertum

186 2791 245 2879 sit,
267 2791 311 2863 de
332 2791 408 2863 eius
430 2791 466 2862 ui
486 2788 703 2888 primigenia
723 2816 795 2862 non
822 2791 945 2863 eadem
966 2791 1158 2864 auctoritas
1182 2792 1298 2863 Plauti
1320 2805 1355 2864 et

187 2905 347 2978 Lactanti
367 2906 509 3002 scriptis
527 2905 717 2977 tribuenda
738 2918 802 2976 est.
820 2907 942 3003 ltaque
956 2931 977 2977 a
991 2907 1199 3004 quaestione
1210 2906 1354 2977 interim

185 3021 425 3093 remouendae
446 3020 615 3092 uidentur
631 3019 767 3090 formae
784 3034 823 3091 ut
840 3034 923 3092 sunt
942 3021 1195 3096 odolescendus
1210 3022 1223 3063 ²
1239 3023 1283 3091 Α.
1307 3023 1351 3093 G.

185 3135 292 3208 Noct.
328 3137 406 3207 Art.
441 3161 543 3224 xmo,
573 3135 845 3206 circumeundus
869 3137 974 3207 Varr.
1003 3137 1118 3207 1111.
1150 3163 1198 3225 ur,
1232 3136 1351 3224 1631,

186 3249 525 3322 ct'reumtt'nnr'endus
554 3252 660 3322 Varr.
690 3249 737 3319 R.
771 3250 818 3320 R.
849 3277 897 3339 111,
933 3251 1039 3322 1630
1074 3253 1181 3348 (quae
1208 3250 1354 3348 quidem

186 3365 374 3437 transitiua
390 3391 462 3437 uox
477 3364 867 3466 est)‚storescendusC.
880 3367 907 3436 1.
925 3365 965 3435 L.
979 3392 990 3434 1
1002 3391 1036 3462 p.
1057 3366 1141 3462 317,
1154 3364 1353 3436 noscendus

184 3482 229 3551 Α.
251 3481 296 3551 G.
318 3481 368 3552 Ν.
388 3481 466 3551 Art.
490 3506 539 3570 ιιι,
565 3506 661 3576 loq,
684 3479 1040 3553 renascendusVarr.
1060 3480 1157 3576 apud
1176 3482 1267 3576 Aug.
1297 3480 1355 3551 De

185 3595 253 3667 eiu.
267 3594 340 3666 Dei
352 3596 476 3683 22.28,
490 3594 722 3692 nuuipundus
742 3595 827 3693 Ulp.
845 3594 935 3692 Dr'p.
955 3622 1004 3687 iv,
1017 3621 1052 3691 9,
1075 3622 1106 3686 1,
1122 3599 1353 3667 senescendus

876 3797 1353 3814 .—.-............—„—

217 3929 241 3979 1.
261 3931 383 3986 Dosson,
402 3929 429 3979 o.
449 3941 475 3979 c.
502 3942 532 3992 p.
553 3929 633 3988 33-36,
653 3928 704 3978 has
723 3942 785 3978 cum
805 3928 940 3991 exemplis
958 3929 1108 3993 proponit:
1131 3927 1354 3985 Commoteuda,

184 4003 383 4067 coinquenda,
402 4004 577 4066 deferenda,
595 4003 773 4065 adserenda,
798 4004 990 4062 scribendus,
1015 4003 1237 4063 adolesceudus,
1258 4005 1355 4053 circu-

184 4080 348 4136 meuudus,
384 4079 699 4135 circumlinuiendus,
735 4078 951 4142 florescendus,
989 4078 1155 4137 lebaudus,
1189 4079 1353 4138 oriundus,

184 4156 362 4211 nascendus,
375 4153 587 4210 renascendus,
601 4153 804 4216 dedicandus,
816 4153 987 4218 placendos,
998 4153 1181 4218 pereundus,
1194 4154 1353 4211 secundus,

184 4228 391 4286 senescendus,
422 4226 623 4284 tabescendum
650 4229 820 4278 uotueudus
835 4242 845 4287 ;
862 4228 964 4290 quibus
990 4229 1038 4278 alii
1063 4229 1170 4278 addunt
1192 4228 1353 4288 adolenda,

166 4302 330 4377 ,terenda
349 4304 509 4362 rotundus,
524 4302 674 4362 calendae,
693 4305 777 4354 cet...
797 4303 839 4354 Cf.
860 4304 1000 4361 Psesson,
1014 4303 1038 4352 1.
1055 4304 1075 4354 1.
1096 4317 1122 4366 p.
1140 4304 1181 4353 91.

216 4384 240 4433 2.
263 4383 410 4432 Praeterea
430 4383 458 4431 in
481 4381 603 4444 capitulo
621 4382 739 4445 prolato,
761 4383 824 4434 soil.
847 4384 990 4433 «Praeter
1006 4383 1061 4434 hoc
1077 4383 1188 4432 modum
1207 4395 1270 4431 esse
1287 4382 1357 4433 dicit

185 4470 323 4507 summum
336 4457 523 4506 adolescendi
533 4457 648 4506 humani
661 4458 784 4520 corporis
796 4461 901 4520 septem
912 4460 1018 4521 pedes»
1030 4459 1150 4508 tortasse
1166 4457 1355 4508 adolescendi

184 4536 227 4581 est
243 4533 423 4594 gerundium.
454 4531 496 4580 Ol.
526 4532 648 4588 Pmoun,
671 4531 756 4595 Gapt.
776 4533 867 4583 852.'«
885 4531 1075 4584 Nominandi
1089 4533 1207 4581 istorum
1234 4531 1285 4580 tibi
1303 4532 1356 4581 erit

185 4608 275 4669 magis
291 4620 372 4669 quam
390 4606 503 4655 edundi
526 4606 620 4668 copia.
641 4624 652 4652 i
665 4634 695 4642 -
710 4604 791 4664 Item,
812 4608 840 4656 in
857 4608 911 4657 hoc
928 4607 990 4658 loco
1008 4608 1142 4659 Varronis
1161 4624 1172 4652 u
1192 4608 1278 4656 Fumo
1297 4606 1354 4656 leni

184 4681 401 4732 circumeundo
421 4685 525 4743 cogunt
542 4684 598 4729 eas'
611 4681 662 4743 (sc.
684 4682 761 4745 apes)
781 4683 930 4740 intrare»,
948 4681 1164 4733 circumeundo
1188 4682 1256 4730 milti
1279 4681 1353 4731 idem

184 4757 295 4807 uidetur
312 4769 373 4806 esse
386 4759 468 4819 atque
485 4772 496 4801 n
515 4756 600 4806 Fumo
619 4757 673 4806 leni
684 4756 757 4807 dum
772 4758 971 4815 circumeunt,
985 4760 1133 4821 cogunt...
1155 4774 1167 4803 n
1189 4802 1202 4825 ι

1192 4838 1235 4853 ,.

959 4868 967 4885 ι
996 4868 1004 4885 a
1030 4866 1117 4895 austra
1145 4852 1193 4901 ,Ἦ
1299 4869 1313 4913 2

1145 4899 1196 4944 μω

1167 4946 1197 4975 )Ι
