3330 5574
558 528 602 572 nn
627 526 816 573 nnnunmvi
842 524 992 570 rrunonn
1317 512 1354 571 21

192 753 411 850 exprimunt,
431 765 466 826 et
493 752 593 826 uerbi
613 752 727 849 ipsius
746 751 941 840 notionem,
962 776 1070 848 quam
1091 774 1156 821 nos
1178 747 1356 819 abstracto

192 869 287 966 quod
304 868 429 942 dicunt
443 869 590 967 nomine
607 869 659 964 (lo
676 866 918 941 construction
935 869 1019 970 d'nn
1028 868 1151 964 pont),
1168 863 1203 933 hi
1220 887 1356 959 gerun-

193 984 276 1057 diuo
300 986 445 1082 passiuo
470 989 627 1082 (pontem
647 983 879 1082 faciendum)
905 994 1186 1080 repraesentant.
1213 978 1283 1051 Sed
1312 1003 1357 1048 ex

193 1125 234 1172 eo
275 1100 406 1173 iniuria
450 1100 599 1197 colligas
632 1098 875 1197 gerundiuum
907 1124 980 1170 non
1013 1123 1091 1171 esse
1129 1092 1356 1196 participium

192 1215 402 1312 praesentis,
430 1241 493 1288 seu
523 1215 651 1288 melius
678 1214 798 1286 infecti
825 1214 946 1288 :nihil
974 1214 1068 1286 enim
1090 1214 1149 1289 hio
1166 1215 1267 1289 adest
1288 1217 1357 1289 nisi

192 1331 369 1429 participii
389 1356 475 1403 usus
502 1357 610 1429 quem
629 1331 855 1402 translatum¹
876 1330 1011 1403 dicunt.

240 1448 354 1539 Quem
382 1473 487 1519 usum
506 1461 541 1519 et
566 1447 603 1517 in
631 1446 755 1518 Latina
782 1445 906 1543 lingua
925 1445 1104 1518 interdum
1127 1447 1356 1546 participium

192 1562 352 1660 perfecti,
374 1575 409 1635 et
427 1563 464 1633 in
483 1562 624 1635 nostra²
648 1576 838 1659 utrumque
858 1561 1087 1659 participium
1107 1563 1156 1635 ita
1180 1564 1300 1655 habet,
1319 1579 1358 1638 ut

192 1678 437 1775 grammatici³
465 1679 612 1777 quidam
642 1677 770 1750 melius
803 1677 872 1749 dici
901 1691 1047 1774 putent,
1079 1704 1153 1751 non
1178 1680 1359 1780 participe

184 1797 345 1892 present,
368 1806 429 1866 aut
439 1798 564 1892 possi,
582 1806 622 1866 ut
639 1818 735 1881 nunc
759 1792 836 1865 fieri
861 1792 963 1882 solet,
986 1795 1048 1866 sed
1064 1795 1247 1894 participe
1265 1797 1365 1894 actis

192 1934 237 1980 ou
246 1909 386 2007 possis,
403 1923 442 1981 ut
457 1935 478 1981 a
494 1909 692 1981 maioribus
717 1909 852 1982 dictum
870 1922 936 1980 est.

239 2025 402 2098 Sedutin
417 2024 676 2122 Latinalingua
691 2024 887 2120 disputatio
904 2023 1143 2116 contineatur,
1154 2025 1358 2123 quinegant

192 2140 434 2238 gerundiuum
454 2140 683 2238 participium
703 2165 781 2213 esse
794 2139 1014 2236 proesentis,
1035 2139 1133 2238 quod
1155 2141 1243 2211 nihil
1260 2140 1357 2214 aliud

192 2256 370 2353 exprimat
390 2256 458 2328 nisi
478 2256 639 2329 eiusdem
666 2255 788 2353 stirpis
808 2255 1027 2328 abstractum
1048 2282 1111 2328 seu
1133 2255 1357 2353 incorporale

192 2397 338 2463 nomen,
367 2397 430 2444 cur
452 2370 548 2444 idem
569 2397 640 2444 non
658 2372 781 2444 dicunt
795 2396 877 2443 cum
897 2372 941 2444 de
960 2371 1149 2469 participio
1161 2373 1360 2469 praeteriti

192 2487 321 2585 agitur.
339 2487 448 2579 Quid,
466 2513 613 2586 quaeso,
631 2488 727 2585 quod
741 2488 786 2560 ad
799 2513 904 2559 usum
917 2487 1083 2584 pertinet,
1102 2487 1250 2560 interest
1264 2488 1357 2560 inter

192 2603 371 2676 conditum
390 2617 424 2675 et
443 2603 664 2676 condendum
687 2603 723 2673 in
744 2603 812 2675 hoc
833 2603 874 2673 T.
901 2601 1008 2674 Liui⁴
1033 2603 1220 2676 notissimo
1240 2602 1318 2677 loco
1346 2631 1355 2678 :
1381 2644 1384 2654 ·

194 2742 213 2787 <t
226 2718 526 2808 Antemnatium,
544 2717 810 2790 condendamue
825 2717 947 2790 urbem
959 2745 993 2807 »,
1010 2718 1080 2789 nisi
1094 2719 1192 2817 quod
1206 2719 1356 2791 alterum

192 2833 359 2930 perfecti,
391 2835 542 2907 alterum
566 2833 765 2930 imperfecti
792 2858 854 2906 seu
878 2833 998 2906 inlecti
1029 2834 1258 2931 participium
1285 2850 1370 2911 est..

191 2949 265 3021 Nec
291 2949 386 3022 aliud
410 2949 599 3048 quicquam
628 2949 799 3022 interesse
827 2947 920 3021 inter
946 2962 1135 3048 sequentes
1163 2950 1356 3023 sententias

192 3064 221 3135 si
241 3065 322 3163 quis
342 3065 618 3161 comparauerit,
640 3055 810 3137 inueniet.

229 3217 274 3274 Ex
295 3236 420 3276 eoauro
438 3215 582 3276 buculam
601 3215 732 3277 curauit
854 3216 1026 3277 Inuentum
1066 3215 1121 3275 tibi
1166 3217 1288 3278 curabo
1329 3229 1358 3278 et

183 3312 391 3394 faciendam.
416 3313 492 3391 (Cic.
520 3334 545 3374 1.
567 3313 640 3374 Diu.
661 3315 725 3394 24).
813 3334 933 3374 mecum
964 3313 1129 3374 adductum
1158 3324 1246 3374 tuum
1268 3318 1358 3376 Pam·

815 3411 944 3493 philum.
963 3412 1040 3492 (Ter.
1058 3411 1143 3472 And.
1162 3412 1247 3489 624).

231 3509 387 3570 Secundae
398 3530 444 3569 res
453 3518 734 3569 transuersumtru·
853 3508 1038 3590 Priusquam
1061 3509 1188 3592 incipias
1213 3510 1357 3572 consulto

191 3607 261 3668 dere
279 3608 500 3667 solentarecte
518 3605 728 3668 consulendo.
816 3607 869 3667 ubi
903 3606 1091 3666 consulueris
1123 3619 1241 3668 mature
1258 3609 1357 3689 forto

190 3707 266 3784 (Cat.
283 3705 376 3785 Orip.
390 3705 426 3764 23
445 3704 492 3766 ed.
508 3704 646 3786 Jordan).
815 3727 891 3788 opus
905 3714 960 3766 est.
978 3705 1068 3784 (Satt.
1088 3705 1161 3768 Cot.
1184 3706 1256 3783 nt).

239 3838 377 3931 Quodsi
389 3839 622 3929 condendam,
630 3837 859 3938 sociendom',
870 3839 1083 3911 consulendo
1093 3840 1196 3938 quasi
1213 3840 1358 3912 nomina

222 4140 245 4188 t.
265 4139 308 4187 cs.
324 4139 456 4194 Rinunnn
469 4140 497 4186 et
513 4138 652 4194 stonense,
671 4137 805 4190 Gramm.
824 4150 921 4201 comp.
939 4150 968 4196 n,
984 4139 995 4200 t
1013 4137 1069 4188 218.

219 4220 245 4269 t.
265 4219 308 4268 (ts.
327 4219 444 4279 Racinn,
462 4217 580 4268 Athatte
591 4230 609 4274 1,
624 4219 644 4268 l:

390 4297 493 4347 Paul-il
508 4298 603 4347 Abner
618 4311 687 4348 vous
704 4297 841 4361 rappeler.
853 4337 876 4349 ..

392 4376 447 4424 Des
465 4376 561 4435 tyrans
579 4373 693 4423 d’Israel
711 4374 750 4423 les
769 4372 894 4423 celebres
911 4372 1064 4435 disgrtoes,

390 4449 425 4498 nt
440 4447 509 4498 Dieu
528 4449 630 4499 tronoe'
645 4447 728 4499 fidele
746 4461 780 4499 en
795 4453 887 4498 toutes
903 4462 948 4498 ses
965 4461 1106 4498 menaces.
1117 4464 1157 4510 ..;

391 4523 452 4574 Elie
467 4538 520 4574 aux
537 4521 672 4574 elemento
689 4524 812 4588 portant
832 4538 865 4573 en
883 4523 1041 4579 souverain,

390 4601 442 4650 Les
459 4599 539 4649 cieux
554 4613 604 4664 par
621 4600 660 4649 lui
678 4599 785 4662 termes
799 4603 827 4649 et
842 4599 965 4649 devenus
983 4599 1111 4650 d'airain.
1121 4639 1143 4650 ..

392 4675 443 4724 Les
459 4678 544 4725 morts
560 4689 589 4725 se
606 4675 765 4726 ranimans
783 4674 800 4725 e
816 4674 842 4724 la
856 4676 919 4724 voix
934 4674 1083 4735 d'nlyse'et

220 4756 245 4805 3.
266 4753 309 4803 Of.
330 4752 471 4812 Cunnum,
491 4753 680 4807 Grammatre
695 4755 854 4821 franpaise.
876 4756 965 4817 Paris,
986 4755 1052 4811 1887,
1071 4755 1152 4821 3927.

221 4833 246 4886 t.
268 4835 300 4885 T.
319 4834 351 4884 L.
370 4834 470 4898 Praef.
491 4835 517 4885 6.
